{"gold_per_floor":[110,124,142,142,162,162,162,173,198,259,209,209,56,90,90,174,174,195,195,214,214,15,50,50,50,73,93,93,118,118,145,145,227,227,249,267,292,75,86,124,124,153,153,153,175,210,220,237,237,237,237,237,237,34,76,76],"floor_reached":56,"playtime":2774,"items_purged":["Dualcast","Zap+1"],"score":1804,"play_id":"17c6fd84-ff05-4e7f-9361-a44f92b939aa","local_time":"20210717230945","is_ascension_mode":true,"campfire_choices":[{"data":"Zap","floor":6.0,"key":"SMITH"},{"data":"Beam Cell","floor":15.0,"key":"SMITH"},{"data":"1","floor":25.0,"key":"LIFT"},{"data":"Hyperbeam","floor":28.0,"key":"SMITH"},{"data":"Reprogram","floor":30.0,"key":"SMITH"},{"data":"2","floor":32.0,"key":"LIFT"},{"data":"Seek","floor":41.0,"key":"SMITH"},{"data":"Dark Shackles","floor":44.0,"key":"SMITH"},{"floor":49.0,"key":"RECALL"},{"data":"3","floor":53.0,"key":"LIFT"}],"neow_cost":"NONE","seed_source_timestamp":178924957038700,"circlet_count":0,"master_deck":["AscendersBane","Strike_B+1","Strike_B+1","Strike_B+1","Strike_B+1","Defend_B+1","Defend_B+1","Defend_B+1","Defend_B+1","Sweeping Beam","Steam Power","Hyperbeam+1","Rebound","Dark Shackles+1","Beam Cell+1","Conserve Battery","Hyperbeam+1","Leap","Steam Power","Reprogram+1","Echo Form","Seek+1","Self Repair+1","Madness","Madness","Skim","Undo","Undo+1","Go for the Eyes","Fusion","Hologram"],"special_seed":0,"relics":["Cracked Core","NeowsBlessing","Omamori","Centennial Puzzle","CeramicFish","Coffee Dripper","Bag of Preparation","Membership Card","Girya","WarpedTongs","Toy Ornithopter","SacredBark","Emotion Chip","Shuriken","Happy Flower","Mercury Hourglass","TungstenRod","Pen Nib"],"potions_floor_usage":[56],"damage_taken":[{"damage":0.0,"enemies":"2 Louse","floor":1.0,"turns":1.0},{"damage":0.0,"enemies":"Cultist","floor":2.0,"turns":1.0},{"damage":0.0,"enemies":"Small Slimes","floor":3.0,"turns":1.0},{"damage":2.0,"enemies":"Looter","floor":5.0,"turns":4.0},{"damage":24.0,"enemies":"Lots of Slimes","floor":8.0,"turns":3.0},{"damage":18.0,"enemies":"Lagavulin","floor":14.0,"turns":4.0},{"damage":17.0,"enemies":"Hexaghost","floor":16.0,"turns":7.0},{"damage":10.0,"enemies":"2 Thieves","floor":18.0,"turns":2.0},{"damage":0.0,"enemies":"Spheric Guardian","floor":20.0,"turns":1.0},{"damage":38.0,"enemies":"Gremlin Leader","floor":23.0,"turns":5.0},{"damage":0.0,"enemies":"Centurion and Healer","floor":27.0,"turns":2.0},{"damage":0.0,"enemies":"3 Cultists","floor":29.0,"turns":3.0},{"damage":0.0,"enemies":"Snake Plant","floor":31.0,"turns":2.0},{"damage":12.0,"enemies":"Collector","floor":33.0,"turns":4.0},{"damage":0.0,"enemies":"3 Darklings","floor":35.0,"turns":1.0},{"damage":3.0,"enemies":"Mind Bloom Boss Battle","floor":37.0,"turns":6.0},{"damage":0.0,"enemies":"Orb Walker","floor":39.0,"turns":3.0},{"damage":29.0,"enemies":"Nemesis","floor":40.0,"turns":7.0},{"damage":14.0,"enemies":"Writhing Mass","floor":42.0,"turns":7.0},{"damage":16.0,"enemies":"4 Shapes","floor":45.0,"turns":6.0},{"damage":33.0,"enemies":"Reptomancer","floor":46.0,"turns":8.0},{"damage":0.0,"enemies":"Jaw Worm Horde","floor":47.0,"turns":1.0},{"damage":16.0,"enemies":"Transient","floor":48.0,"turns":6.0},{"damage":26.0,"enemies":"Awakened One","floor":50.0,"turns":12.0},{"damage":38.0,"enemies":"Donu and Deca","floor":51.0,"turns":8.0},{"damage":30.0,"enemies":"Shield and Spear","floor":55.0,"turns":7.0},{"damage":51,"enemies":"The Heart","floor":56,"turns":8}],"seed_played":"-2499417645639181661","potions_obtained":[{"floor":2.0,"key":"SpeedPotion"},{"floor":3.0,"key":"SkillPotion"},{"floor":8.0,"key":"SteroidPotion"},{"floor":18.0,"key":"SteroidPotion"},{"floor":23.0,"key":"FearPotion"},{"floor":31.0,"key":"GamblersBrew"},{"floor":33.0,"key":"CultistPotion"},{"floor":46.0,"key":"SteroidPotion"},{"floor":55.0,"key":"SpeedPotion"}],"is_trial":false,"path_per_floor":["M","M","M","?","M","R","?","M","T","?","$","?","$","E","R","B",null,"M","?","M","?","$","E","?","R","T","M","R","M","R","M","R","B",null,"M","?","?","$","M","E","R","M","T","R","M","E","M","M","R","B","B",null,"R","$","E","B"],"character_chosen":"DEFECT","items_purchased":["Rebound","Dark Shackles","Beam Cell","Membership Card","Shuriken","Skim","TungstenRod","Fusion"],"campfire_rested":0,"item_purchase_floors":[11,13,13,22,38,38,54,54],"current_hp_per_floor":[64,64,64,64,62,62,62,38,38,38,38,38,38,20,20,3,54,44,44,44,44,44,6,6,6,6,6,6,6,6,11,11,4,54,54,41,58,58,68,49,49,45,45,45,49,31,31,35,35,39,1,54,54,54,44,0],"gold":76,"neow_bonus":"THREE_ENEMY_KILL","is_prod":false,"is_daily":false,"chose_seed":false,"campfire_upgraded":6,"win_rate":0,"timestamp":1626534585,"path_taken":["M","M","M","?","?","R","?","M","T","?","$","?","$","E","R","BOSS","M","?","M","?","$","E","?","R","T","M","R","M","R","?","R","BOSS","M","?","?","?","M","E","R","M","T","R","M","E","M","M","R","BOSS","BOSS","R","$","E","BOSS"],"build_version":"2020-12-22","purchased_purges":2,"victory":false,"max_hp_per_floor":[71,71,71,71,71,71,71,71,71,71,71,71,71,71,71,71,71,71,71,71,71,71,71,71,71,71,71,71,71,71,71,71,71,71,71,71,71,71,71,71,71,71,71,71,71,71,71,71,71,71,71,71,71,71,71,71],"card_choices":[{"not_picked":["Turbo","Barrage"],"picked":"Sweeping Beam","floor":1.0},{"not_picked":["Steam","Gash"],"picked":"Steam Power","floor":2.0},{"not_picked":["Gash","Hologram","Steam"],"picked":"SKIP","floor":3.0},{"not_picked":["Coolheaded","Fusion","Hologram"],"picked":"SKIP","floor":5.0},{"not_picked":["Coolheaded","Redo"],"picked":"Hyperbeam","floor":8.0},{"not_picked":["Static Discharge","Go for the Eyes"],"picked":"Conserve Battery","floor":14.0},{"not_picked":["Core Surge","Machine Learning"],"picked":"Hyperbeam","floor":16.0},{"not_picked":["Static Discharge","White Noise"],"picked":"Leap","floor":18.0},{"not_picked":["Ball Lightning","Stack"],"picked":"Steam Power","floor":20.0},{"not_picked":["Creative AI","Beam Cell","Double Energy"],"picked":"SKIP","floor":23.0},{"not_picked":["Barrage","Compile Driver+1","Go for the Eyes"],"picked":"SKIP","floor":27.0},{"not_picked":["Leap","Rebound+1"],"picked":"Reprogram","floor":29.0},{"not_picked":["Hologram","Skim"],"picked":"Echo Form","floor":31.0},{"not_picked":["Amplify","All For One"],"picked":"Seek","floor":33.0},{"not_picked":["Go for the Eyes","Scrape"],"picked":"Self Repair+1","floor":35.0},{"not_picked":["Lockon","Coolheaded","Turbo"],"picked":"SKIP","floor":39.0},{"not_picked":["Stack+1","Loop"],"picked":"Undo","floor":40.0},{"not_picked":["Fusion+1","Go for the Eyes"],"picked":"Undo+1","floor":42.0},{"not_picked":["Barrage+1","Conserve Battery","Go for the Eyes"],"picked":"SKIP","floor":45.0},{"not_picked":["Barrage+1","Conserve Battery"],"picked":"Go for the Eyes","floor":45.0},{"not_picked":["Multi-Cast","Hologram","Gash"],"picked":"SKIP","floor":46.0},{"not_picked":["Heatsinks","Redo","Steam"],"picked":"SKIP","floor":47.0},{"not_picked":["Beam Cell","Turbo","Rebound"],"picked":"SKIP","floor":48.0},{"not_picked":["Ball Lightning","Scrape"],"picked":"Hologram","floor":55.0}],"player_experience":1357343,"relics_obtained":[{"floor":9.0,"key":"Centennial Puzzle"},{"floor":14.0,"key":"CeramicFish"},{"floor":23.0,"key":"Girya"},{"floor":26.0,"key":"Toy Ornithopter"},{"floor":37.0,"key":"Emotion Chip"},{"floor":40.0,"key":"Happy Flower"},{"floor":46.0,"key":"Mercury Hourglass"},{"floor":55.0,"key":"Pen Nib"}],"event_choices":[{"damage_healed":0.0,"max_hp_gain":0.0,"max_hp_loss":0.0,"gold_gain":0.0,"event_name":"WeMeetAgain","player_choice":"Gave Potion","floor":4.0,"gold_loss":0.0,"damage_taken":0.0,"relics_obtained":["Omamori"]},{"damage_healed":0.0,"max_hp_gain":0.0,"max_hp_loss":0.0,"gold_gain":0.0,"event_name":"The Cleric","player_choice":"Leave","floor":7.0,"gold_loss":0.0,"damage_taken":0.0},{"damage_healed":0.0,"max_hp_gain":0.0,"max_hp_loss":0.0,"gold_gain":61.0,"event_name":"Golden Wing","player_choice":"Gained Gold","floor":10.0,"gold_loss":0.0,"damage_taken":0.0},{"damage_healed":0.0,"max_hp_gain":0.0,"max_hp_loss":0.0,"gold_gain":0.0,"event_name":"Upgrade Shrine","player_choice":"Upgraded","floor":12.0,"gold_loss":0.0,"damage_taken":0.0,"cards_upgraded":["Hyperbeam"]},{"damage_healed":0.0,"max_hp_gain":0.0,"max_hp_loss":0.0,"gold_gain":0.0,"event_name":"Addict","player_choice":"Stole Relic","floor":19.0,"gold_loss":0.0,"damage_taken":0.0,"relics_obtained":["Bag of Preparation"],"cards_obtained":["Shame"]},{"damage_healed":0.0,"max_hp_gain":0.0,"max_hp_loss":0.0,"gold_gain":0.0,"event_name":"Back to Basics","player_choice":"Simplicity","floor":21.0,"gold_loss":0.0,"damage_taken":0.0,"cards_upgraded":["Strike_B","Strike_B","Strike_B","Strike_B","Defend_B","Defend_B","Defend_B","Defend_B"]},{"damage_healed":0.0,"max_hp_gain":0.0,"max_hp_loss":0.0,"gold_gain":0.0,"event_name":"Accursed Blacksmith","player_choice":"Rummage","floor":24.0,"gold_loss":0.0,"damage_taken":0.0,"relics_obtained":["WarpedTongs"],"cards_obtained":["Pain"]},{"damage_healed":0.0,"max_hp_gain":0.0,"max_hp_loss":0.0,"gold_gain":0.0,"event_name":"Winding Halls","player_choice":"Embrace Madness","floor":36.0,"gold_loss":0.0,"damage_taken":13.0,"cards_obtained":["Madness","Madness"]},{"damage_healed":0.0,"max_hp_gain":0.0,"max_hp_loss":0.0,"gold_gain":0.0,"event_name":"MindBloom","player_choice":"Fight","floor":37.0,"gold_loss":0.0,"damage_taken":0.0}],"is_beta":false,"boss_relics":[{"not_picked":["SlaversCollar","Pandora\u0027s Box"],"picked":"Coffee Dripper"},{"not_picked":["Sozu","Philosopher\u0027s Stone"],"picked":"SacredBark"}],"items_purged_floors":[22,38],"is_endless":false,"potions_floor_spawned":[2,3,8,18,23,31,33,35,42,46,48,55],"killed_by":"The Heart","ascension_level":20}