{"gold_per_floor":[112,127,35,48,48,79,92,92,92,112,142,155,155,187,187,264,264,283,302,322,9,27,59,74,74,151,151,171,202,117,127,127,201,201,219,271,287,304,329,358,393,393],"floor_reached":42,"playtime":2393,"items_purged":[],"score":1069,"play_id":"e5c9f0b2-ccd0-4e68-8b9d-9dc1093605c3","local_time":"20210719021223","is_ascension_mode":true,"campfire_choices":[{"data":"Static Discharge","floor":8.0,"key":"SMITH"},{"data":"Reinforced Body","floor":15.0,"key":"SMITH"},{"data":"Aggregate","floor":25.0,"key":"SMITH"},{"data":"Self Repair","floor":27.0,"key":"SMITH"},{"floor":32.0,"key":"REST"}],"neow_cost":"NONE","seed_source_timestamp":276330432275399,"circlet_count":0,"master_deck":["AscendersBane","Strike_B","Strike_B","Strike_B","Strike_B","Defend_B","Defend_B","Defend_B","Defend_B","Zap","Dualcast","Ball Lightning","Sunder+1","Auto Shields","Static Discharge+1","Sweeping Beam","Conserve Battery","Reinforced Body+1","Aggregate+1","Thunder Strike","Self Repair+1","Doom and Gloom","Tempest","Skim","Core Surge","Double Energy","Thunder Strike","Echo Form","Reinforced Body","Defragment"],"special_seed":0,"relics":["Cracked Core","NeowsBlessing","MealTicket","Ice Cream","Question Card","Oddly Smooth Stone","Snecko Eye","Lantern","Blood Vial","Ornamental Fan","Vajra","Symbiotic Virus","Cursed Key","Mango","WingedGreaves","Toy Ornithopter","Orichalcum"],"potions_floor_usage":[42,42],"damage_taken":[{"damage":0.0,"enemies":"2 Louse","floor":1.0,"turns":1.0},{"damage":0.0,"enemies":"Cultist","floor":2.0,"turns":1.0},{"damage":0.0,"enemies":"Jaw Worm","floor":4.0,"turns":1.0},{"damage":23.0,"enemies":"Lagavulin","floor":6.0,"turns":5.0},{"damage":6.0,"enemies":"Lots of Slimes","floor":7.0,"turns":4.0},{"damage":1.0,"enemies":"Looter","floor":10.0,"turns":3.0},{"damage":10.0,"enemies":"3 Sentries","floor":11.0,"turns":5.0},{"damage":0.0,"enemies":"Large Slime","floor":12.0,"turns":4.0},{"damage":4.0,"enemies":"Lagavulin","floor":14.0,"turns":6.0},{"damage":18.0,"enemies":"Hexaghost","floor":16.0,"turns":8.0},{"damage":4.0,"enemies":"Chosen","floor":18.0,"turns":6.0},{"damage":3.0,"enemies":"3 Byrds","floor":19.0,"turns":5.0},{"damage":22.0,"enemies":"3 Cultists","floor":20.0,"turns":4.0},{"damage":13.0,"enemies":"Snecko","floor":22.0,"turns":5.0},{"damage":30.0,"enemies":"Slavers","floor":23.0,"turns":3.0},{"damage":12.0,"enemies":"Snake Plant","floor":24.0,"turns":2.0},{"damage":6.0,"enemies":"Cultist and Chosen","floor":28.0,"turns":5.0},{"damage":19.0,"enemies":"Book of Stabbing","floor":29.0,"turns":4.0},{"damage":3.0,"enemies":"Shelled Parasite and Fungi","floor":31.0,"turns":3.0},{"damage":36.0,"enemies":"Automaton","floor":33.0,"turns":8.0},{"damage":4.0,"enemies":"3 Shapes","floor":35.0,"turns":4.0},{"damage":36.0,"enemies":"2 Orb Walkers","floor":36.0,"turns":4.0},{"damage":5.0,"enemies":"3 Darklings","floor":37.0,"turns":3.0},{"damage":8.0,"enemies":"Transient","floor":38.0,"turns":6.0},{"damage":0.0,"enemies":"Mind Bloom Boss Battle","floor":39.0,"turns":6.0},{"damage":17.0,"enemies":"Giant Head","floor":40.0,"turns":6.0},{"damage":41.0,"enemies":"Reptomancer","floor":41.0,"turns":4.0},{"damage":25,"enemies":"Nemesis","floor":42,"turns":4}],"seed_played":"5844398197630937126","potions_obtained":[{"floor":4.0,"key":"Block Potion"},{"floor":6.0,"key":"CultistPotion"},{"floor":10.0,"key":"Fruit Juice"},{"floor":11.0,"key":"Fire Potion"},{"floor":14.0,"key":"Energy Potion"},{"floor":16.0,"key":"PotionOfCapacity"},{"floor":29.0,"key":"SkillPotion"},{"floor":33.0,"key":"LiquidBronze"},{"floor":35.0,"key":"Strength Potion"},{"floor":40.0,"key":"BlessingOfTheForge"},{"floor":41.0,"key":"Strength Potion"}],"is_trial":false,"path_per_floor":["M","M","?","M","?","E","M","R","T","M","E","M","?","E","R","B",null,"M","M","M","$","M","E","M","R","T","R","M","E","?","M","R","B",null,"M","?","M","M","?","E","E","E"],"character_chosen":"DEFECT","items_purchased":["Tempest","Lantern","Skim"],"campfire_rested":1,"item_purchase_floors":[21,21,21],"current_hp_per_floor":[64,64,64,64,64,41,35,35,35,34,29,29,29,25,25,7,59,55,59,44,59,53,30,20,20,20,20,26,9,9,18,40,16,61,69,49,56,60,72,67,43,30],"gold":393,"neow_bonus":"THREE_ENEMY_KILL","is_prod":false,"is_daily":false,"chose_seed":false,"campfire_upgraded":4,"win_rate":0,"timestamp":1626631943,"path_taken":["M","M","?","?","?","E","M","R","T","M","E","?","?","E","R","BOSS","M","M","M","$","M","E","M","R","T","R","M","E","?","M","R","BOSS","M","?","M","M","?","E","E","E"],"build_version":"2020-12-22","purchased_purges":0,"victory":false,"max_hp_per_floor":[71,71,71,71,71,71,71,71,71,71,76,76,76,76,76,76,76,76,76,76,76,76,76,76,76,76,76,76,76,76,76,76,76,76,76,90,90,90,90,90,90,90],"card_choices":[{"not_picked":["Stack","Chaos","Go for the Eyes"],"picked":"SKIP","floor":1.0},{"not_picked":["Recycle","Leap"],"picked":"Ball Lightning","floor":2.0},{"not_picked":["Darkness","BootSequence"],"picked":"Sunder","floor":4.0},{"not_picked":["Static Discharge","Sunder"],"picked":"Auto Shields","floor":6.0},{"not_picked":["Turbo","Streamline"],"picked":"Static Discharge","floor":7.0},{"not_picked":["Streamline","BootSequence"],"picked":"Sweeping Beam","floor":10.0},{"not_picked":["Compile Driver","Meteor Strike"],"picked":"Conserve Battery","floor":11.0},{"not_picked":["Sweeping Beam","Gash","Doom and Gloom"],"picked":"Reinforced Body","floor":12.0},{"not_picked":["Consume","Go for the Eyes","Beam Cell"],"picked":"Aggregate","floor":14.0},{"not_picked":["Meteor Strike","Hyperbeam","Creative AI"],"picked":"Thunder Strike","floor":16.0},{"not_picked":["Coolheaded+1","Hologram","Beam Cell"],"picked":"Self Repair","floor":18.0},{"not_picked":["Go for the Eyes","Streamline","FTL"],"picked":"Doom and Gloom","floor":19.0},{"not_picked":["Redo","Melter","Coolheaded","Go for the Eyes"],"picked":"SKIP","floor":20.0},{"not_picked":["Lockon","Heatsinks","Beam Cell"],"picked":"Core Surge","floor":22.0},{"not_picked":["Heatsinks","Storm","Auto Shields","Blizzard"],"picked":"SKIP","floor":23.0},{"not_picked":["Stack","Hologram","Leap+1"],"picked":"Double Energy","floor":24.0},{"not_picked":["Loop","Stack","Go for the Eyes","Skim"],"picked":"SKIP","floor":28.0},{"not_picked":["Cold Snap+1","Blizzard","Self Repair"],"picked":"Thunder Strike","floor":29.0},{"not_picked":["Redo+1","Conserve Battery","Chill+1","Leap"],"picked":"SKIP","floor":31.0},{"not_picked":["Multi-Cast","Creative AI","Hyperbeam"],"picked":"Echo Form","floor":33.0},{"not_picked":["Stack","Gash+1","Redo+1","Steam"],"picked":"SKIP","floor":35.0},{"not_picked":["Rebound+1","Streamline","Storm+1"],"picked":"Reinforced Body","floor":36.0},{"not_picked":["Doom and Gloom","Consume","Turbo+1","Lockon"],"picked":"SKIP","floor":37.0},{"not_picked":["Beam Cell","Force Field","Thunder Strike"],"picked":"Defragment","floor":38.0},{"not_picked":["BootSequence","Reprogram","Fusion","Fission"],"picked":"SKIP","floor":40.0},{"not_picked":["Beam Cell","FTL+1","Stack","BootSequence+1"],"picked":"SKIP","floor":41.0}],"player_experience":1360358,"relics_obtained":[{"floor":6.0,"key":"Ice Cream"},{"floor":11.0,"key":"Question Card"},{"floor":14.0,"key":"Oddly Smooth Stone"},{"floor":23.0,"key":"Blood Vial"},{"floor":26.0,"key":"Ornamental Fan"},{"floor":29.0,"key":"Vajra"},{"floor":36.0,"key":"Mango"},{"floor":39.0,"key":"WingedGreaves"},{"floor":40.0,"key":"Toy Ornithopter"},{"floor":41.0,"key":"Orichalcum"}],"event_choices":[{"damage_healed":0.0,"max_hp_gain":0.0,"max_hp_loss":0.0,"gold_gain":0.0,"event_name":"WeMeetAgain","player_choice":"Paid Gold","floor":3.0,"gold_loss":92.0,"damage_taken":0.0,"relics_obtained":["MealTicket"]},{"damage_healed":0.0,"max_hp_gain":0.0,"max_hp_loss":0.0,"gold_gain":0.0,"event_name":"Upgrade Shrine","player_choice":"Upgraded","floor":5.0,"gold_loss":0.0,"damage_taken":0.0,"cards_upgraded":["Sunder"]},{"damage_healed":0.0,"max_hp_gain":0.0,"max_hp_loss":0.0,"gold_gain":0.0,"event_name":"Golden Idol","player_choice":"Ignored","floor":13.0,"gold_loss":0.0,"damage_taken":0.0},{"damage_healed":0.0,"max_hp_gain":0.0,"max_hp_loss":0.0,"gold_gain":0.0,"event_name":"Addict","player_choice":"Obtained Relic","floor":30.0,"gold_loss":85.0,"damage_taken":0.0,"relics_obtained":["Symbiotic Virus"]},{"damage_healed":0.0,"max_hp_gain":0.0,"max_hp_loss":0.0,"gold_gain":0.0,"event_name":"Mysterious Sphere","player_choice":"Fight","floor":36.0,"gold_loss":0.0,"damage_taken":0.0},{"damage_healed":0.0,"max_hp_gain":0.0,"max_hp_loss":0.0,"gold_gain":0.0,"event_name":"MindBloom","player_choice":"Fight","floor":39.0,"gold_loss":0.0,"damage_taken":0.0}],"is_beta":false,"boss_relics":[{"not_picked":["Pandora\u0027s Box","Coffee Dripper"],"picked":"Snecko Eye"},{"not_picked":["Runic Pyramid","Nuclear Battery"],"picked":"Cursed Key"}],"items_purged_floors":[],"is_endless":false,"potions_floor_spawned":[4,6,10,11,14,16,19,22,23,29,33,35,40,41],"killed_by":"Nemesis","ascension_level":20}