{"gold_per_floor":[360,510,528,141,159,194,205,236,236,252,252,252],"floor_reached":12,"playtime":485,"items_purged":["Doubt"],"score":230,"play_id":"c6b29070-7a34-43bd-819d-8cbf5303caab","local_time":"20210725113047","is_ascension_mode":true,"campfire_choices":[{"data":"Streamline","floor":11.0,"key":"SMITH"}],"neow_cost":"TEN_PERCENT_HP_LOSS","seed_source_timestamp":831372034976600,"circlet_count":0,"master_deck":["AscendersBane","Strike_B","Strike_B","Strike_B","Strike_B","Defend_B","Defend_B","Defend_B","Defend_B","Zap","Dualcast","Cold Snap","Compile Driver","FTL","Cold Snap","Ball Lightning","Streamline+1"],"special_seed":0,"relics":["Cracked Core","Bag of Preparation","Pantograph","Ginger"],"potions_floor_usage":[],"damage_taken":[{"damage":0.0,"enemies":"Jaw Worm","floor":1.0,"turns":3.0},{"damage":8.0,"enemies":"Small Slimes","floor":3.0,"turns":4.0},{"damage":0.0,"enemies":"2 Louse","floor":5.0,"turns":2.0},{"damage":19.0,"enemies":"3 Sentries","floor":6.0,"turns":8.0},{"damage":12.0,"enemies":"Exordium Thugs","floor":7.0,"turns":3.0},{"damage":0.0,"enemies":"Gremlin Nob","floor":8.0,"turns":3.0},{"damage":5.0,"enemies":"Looter","floor":10.0,"turns":3.0},{"damage":21,"enemies":"3 Sentries","floor":12,"turns":2}],"seed_played":"-4464313077914422717","potions_obtained":[{"floor":5.0,"key":"BlessingOfTheForge"},{"floor":7.0,"key":"PowerPotion"}],"is_trial":false,"path_per_floor":["M","?","M","$","M","E","M","E","T","M","R","E"],"character_chosen":"DEFECT","items_purchased":["Bag of Preparation","FTL","EntropicBrew"],"campfire_rested":0,"item_purchase_floors":[4,4,4],"current_hp_per_floor":[64,64,56,56,56,37,25,25,25,20,20,0],"gold":252,"neow_bonus":"TWO_FIFTY_GOLD","is_prod":false,"is_daily":false,"chose_seed":false,"campfire_upgraded":1,"win_rate":0,"timestamp":1627183847,"path_taken":["M","?","M","$","M","E","M","E","T","M","R","E"],"build_version":"2020-12-22","purchased_purges":1,"victory":false,"max_hp_per_floor":[64,64,64,64,64,64,64,64,64,64,64,64],"card_choices":[{"not_picked":["Conserve Battery","Beam Cell"],"picked":"Cold Snap","floor":1.0},{"not_picked":["BootSequence","Stack"],"picked":"Compile Driver","floor":3.0},{"not_picked":["Beam Cell","Compile Driver","Barrage"],"picked":"SKIP","floor":5.0},{"not_picked":["FTL","Force Field"],"picked":"Cold Snap","floor":6.0},{"not_picked":["Doom and Gloom","Streamline"],"picked":"Ball Lightning","floor":7.0},{"not_picked":["Melter","Turbo","Beam Cell"],"picked":"SKIP","floor":8.0},{"not_picked":["Creative AI","Compile Driver"],"picked":"Streamline","floor":10.0}],"player_experience":1380489,"relics_obtained":[{"floor":6.0,"key":"Pantograph"},{"floor":8.0,"key":"Ginger"}],"event_choices":[{"damage_healed":0.0,"max_hp_gain":0.0,"max_hp_loss":0.0,"gold_gain":150.0,"event_name":"Liars Game","player_choice":"AGREE","floor":2.0,"gold_loss":0.0,"damage_taken":0.0,"cards_obtained":["Doubt"]}],"is_beta":false,"boss_relics":[],"items_purged_floors":[4],"is_endless":false,"potions_floor_spawned":[5,7],"killed_by":"3 Sentries","ascension_level":20}