{"gold_per_floor":[110,121,133,150,161,190,206,206],"floor_reached":8,"playtime":306,"items_purged":[],"score":124,"play_id":"d3ea2e24-942d-4d0e-a215-5aeed0b9f2a6","local_time":"20210730001904","is_ascension_mode":true,"campfire_choices":[],"neow_cost":"NONE","seed_source_timestamp":1223284940443800,"circlet_count":0,"master_deck":["AscendersBane","Strike_B","Strike_B","Strike_B","Strike_B","Defend_B","Defend_B","Defend_B","Defend_B","Zap","Dualcast","Ball Lightning","Doom and Gloom","Streamline","Defragment","Skim","FTL"],"special_seed":0,"relics":["Cracked Core","Ginger"],"potions_floor_usage":[8],"damage_taken":[{"damage":7.0,"enemies":"Jaw Worm","floor":1.0,"turns":3.0},{"damage":4.0,"enemies":"2 Louse","floor":2.0,"turns":3.0},{"damage":1.0,"enemies":"Cultist","floor":3.0,"turns":3.0},{"damage":10.0,"enemies":"3 Louse","floor":4.0,"turns":3.0},{"damage":0.0,"enemies":"Large Slime","floor":5.0,"turns":4.0},{"damage":32.0,"enemies":"Gremlin Nob","floor":6.0,"turns":4.0},{"damage":0.0,"enemies":"2 Fungi Beasts","floor":7.0,"turns":2.0},{"damage":27,"enemies":"Exordium Wildlife","floor":8,"turns":3}],"seed_played":"-1506322842432039037","potions_obtained":[{"floor":2.0,"key":"SmokeBomb"},{"floor":3.0,"key":"FocusPotion"},{"floor":4.0,"key":"AttackPotion"}],"is_trial":false,"path_per_floor":["M","M","M","M","M","E","M","M"],"character_chosen":"DEFECT","items_purchased":[],"campfire_rested":0,"item_purchase_floors":[],"current_hp_per_floor":[64,60,59,49,49,17,17,0],"gold":206,"neow_bonus":"TEN_PERCENT_HP_BONUS","is_prod":false,"is_daily":false,"chose_seed":false,"campfire_upgraded":0,"win_rate":0,"timestamp":1627575544,"path_taken":["M","M","M","M","M","E","M","M"],"build_version":"2020-12-22","purchased_purges":0,"victory":false,"max_hp_per_floor":[78,78,78,78,78,78,78,78],"card_choices":[{"not_picked":["Redo","Fusion"],"picked":"Ball Lightning","floor":1.0},{"not_picked":["Loop","Stack"],"picked":"Doom and Gloom","floor":2.0},{"not_picked":["Gash","Hologram"],"picked":"Streamline","floor":3.0},{"not_picked":["Tempest","Conserve Battery"],"picked":"Defragment","floor":4.0},{"not_picked":["Rebound","Beam Cell"],"picked":"Skim","floor":5.0},{"not_picked":["Coolheaded","Compile Driver","Heatsinks"],"picked":"SKIP","floor":6.0},{"not_picked":["Reinforced Body","Loop"],"picked":"FTL","floor":7.0}],"player_experience":1395294,"relics_obtained":[{"floor":6.0,"key":"Ginger"}],"event_choices":[],"is_beta":false,"boss_relics":[],"items_purged_floors":[],"is_endless":false,"potions_floor_spawned":[2,3,4,5],"killed_by":"Exordium Wildlife","ascension_level":20}