{"gold_per_floor":[119,135,154,304,3,3,15,31,31,60,70,101,101,125,125,203,203,216,231,231,156,176,176,196,196],"floor_reached":25,"playtime":891,"items_purged":["Doubt"],"score":530,"play_id":"90faf03d-f3d3-40b7-880a-504d8aee1786","local_time":"20210731114907","is_ascension_mode":true,"campfire_choices":[{"data":"Doom and Gloom","floor":6.0,"key":"SMITH"},{"data":"Beam Cell","floor":13.0,"key":"SMITH"},{"data":"Defragment","floor":15.0,"key":"SMITH"},{"floor":23,"key":"REST"}],"neow_cost":"NONE","seed_source_timestamp":1350403428202400,"circlet_count":0,"master_deck":["AscendersBane","Strike_B","Strike_B","Strike_B","Strike_B","Defend_B","Defend_B","Defend_B","Defend_B","Zap","Dualcast","Auto Shields","Doom and Gloom+1","Ball Lightning","Defragment+1","Streamline","Ball Lightning","Beam Cell+1","Compile Driver","Biased Cognition","Sweeping Beam","Seek"],"special_seed":0,"relics":["FrozenCore","Happy Flower","Vajra","Gremlin Horn","Odd Mushroom","Nloth\u0027s Gift"],"potions_floor_usage":[25],"damage_taken":[{"damage":2.0,"enemies":"2 Louse","floor":1.0,"turns":3.0},{"damage":2.0,"enemies":"Jaw Worm","floor":2.0,"turns":5.0},{"damage":7.0,"enemies":"Cultist","floor":3.0,"turns":4.0},{"damage":13.0,"enemies":"Exordium Thugs","floor":7.0,"turns":3.0},{"damage":10.0,"enemies":"Large Slime","floor":8.0,"turns":5.0},{"damage":26.0,"enemies":"3 Sentries","floor":10.0,"turns":7.0},{"damage":0.0,"enemies":"2 Fungi Beasts","floor":11.0,"turns":2.0},{"damage":21.0,"enemies":"Lagavulin","floor":12.0,"turns":3.0},{"damage":0.0,"enemies":"The Mushroom Lair","floor":14.0,"turns":2.0},{"damage":1.0,"enemies":"Slime Boss","floor":16.0,"turns":5.0},{"damage":22.0,"enemies":"2 Thieves","floor":18.0,"turns":3.0},{"damage":9.0,"enemies":"Spheric Guardian","floor":19.0,"turns":4.0},{"damage":31,"enemies":"Centurion and Healer","floor":22,"turns":5},{"damage":4,"enemies":"Snecko","floor":24,"turns":5},{"damage":23,"enemies":"Gremlin Leader","floor":25,"turns":2}],"seed_played":"-5669294155538913011","potions_obtained":[{"floor":1.0,"key":"SpeedPotion"},{"floor":2.0,"key":"LiquidMemories"},{"floor":8.0,"key":"FairyPotion"},{"floor":16.0,"key":"SkillPotion"},{"floor":22,"key":"LiquidMemories"}],"is_trial":false,"path_per_floor":["M","M","M","?","$","R","M","M","T","E","M","E","R","?","R","B",null,"M","M","?","$","M","R","M","E"],"character_chosen":"DEFECT","items_purchased":["Happy Flower","Defragment","Streamline"],"campfire_rested":1,"item_purchase_floors":[5,5,5],"current_hp_per_floor":[69,67,60,60,60,60,47,37,37,11,11,22,22,22,22,21,64,42,33,33,33,2,25,21,0],"gold":196,"neow_bonus":"TEN_PERCENT_HP_BONUS","is_prod":false,"is_daily":false,"chose_seed":false,"campfire_upgraded":3,"win_rate":0,"timestamp":1627703347,"path_taken":["M","M","M","?","$","R","M","M","T","E","M","E","R","?","R","BOSS","M","M","?","?","M","R","M","E"],"build_version":"2020-12-22","purchased_purges":1,"victory":false,"max_hp_per_floor":[78,78,78,78,78,78,78,78,78,78,78,78,78,78,78,78,78,78,78,78,78,78,78,78,78],"card_choices":[{"not_picked":["Hello World","Conserve Battery"],"picked":"Auto Shields","floor":1.0},{"not_picked":["Conserve Battery","Barrage"],"picked":"Doom and Gloom","floor":2.0},{"not_picked":["Darkness","Gash"],"picked":"Ball Lightning","floor":3.0},{"not_picked":["Go for the Eyes","Genetic Algorithm","Steam"],"picked":"SKIP","floor":7.0},{"not_picked":["Conserve Battery","Coolheaded"],"picked":"Ball Lightning","floor":8.0},{"not_picked":["Compile Driver","Ball Lightning"],"picked":"Beam Cell","floor":10.0},{"not_picked":["Meteor Strike","Heatsinks","Reinforced Body"],"picked":"SKIP","floor":11.0},{"not_picked":["Aggregate","Rebound","Reinforced Body"],"picked":"SKIP","floor":12.0},{"not_picked":["Darkness","Streamline"],"picked":"Compile Driver","floor":14.0},{"not_picked":["Machine Learning","Thunder Strike"],"picked":"Biased Cognition","floor":16.0},{"not_picked":["Loop","Conserve Battery","Rebound"],"picked":"SKIP","floor":18.0},{"not_picked":["Streamline","Gash"],"picked":"Sweeping Beam","floor":19.0},{"not_picked":["Creative AI","Self Repair"],"picked":"Seek","floor":22},{"not_picked":["Redo","Leap","Static Discharge"],"picked":"SKIP","floor":24}],"player_experience":1399360,"relics_obtained":[{"floor":9.0,"key":"Blue Candle"},{"floor":10.0,"key":"Vajra"},{"floor":12.0,"key":"Gremlin Horn"},{"floor":14.0,"key":"Odd Mushroom"}],"event_choices":[{"damage_healed":0.0,"max_hp_gain":0.0,"max_hp_loss":0.0,"gold_gain":150.0,"event_name":"Liars Game","player_choice":"AGREE","floor":4.0,"gold_loss":0.0,"damage_taken":0.0,"cards_obtained":["Doubt"]},{"damage_healed":0.0,"max_hp_gain":0.0,"max_hp_loss":0.0,"gold_gain":0.0,"event_name":"Mushrooms","player_choice":"Fought Mushrooms","floor":14.0,"gold_loss":0.0,"damage_taken":0.0},{"damage_healed":0.0,"max_hp_gain":0.0,"max_hp_loss":0.0,"gold_gain":0.0,"event_name":"N\u0027loth","player_choice":"Traded Relic","floor":20.0,"relics_lost":["Blue Candle"],"gold_loss":0.0,"damage_taken":0.0,"relics_obtained":["Nloth\u0027s Gift"]}],"is_beta":false,"boss_relics":[{"not_picked":["Fusion Hammer","Black Star"],"picked":"FrozenCore"}],"items_purged_floors":[21],"is_endless":false,"potions_floor_spawned":[1,2,8,16,22],"killed_by":"Gremlin Leader","ascension_level":20}