{"gold_per_floor":[110,90,107,126,126,165,165,205,205,242,263,287,287,287,287,369,369,388,338,362,41,41,83,83,63,87,100,141,165,165],"floor_reached":30,"playtime":1466,"items_purged":["Strike_B"],"score":626,"play_id":"c393a1b5-ab9d-4fd2-a43f-8938ad3ba8b5","local_time":"20210731124000","is_ascension_mode":true,"campfire_choices":[{"data":"Rainbow","floor":7.0,"key":"SMITH"},{"data":"FTL","floor":13.0,"key":"SMITH"},{"floor":15.0,"key":"REST"},{"data":"Dualcast","floor":24.0,"key":"SMITH"}],"neow_cost":"NONE","seed_source_timestamp":1351431460579300,"circlet_count":0,"master_deck":["AscendersBane","Strike_B","Strike_B","Defend_B","Defend_B","Defend_B","Defend_B","Zap+1","Dualcast+1","Cold Snap","Cold Snap","Rainbow+1","Loop+1","Redo+1","FTL+1","Ball Lightning","Electrodynamics+1","Hologram+1","Steam+1","Core Surge","Ball Lightning","Redo+1","Echo Form+1","Chill+1"],"special_seed":0,"relics":["Black Star","CeramicFish","Ornamental Fan","Frozen Egg 2","Omamori","Toxic Egg 2","Du-Vu Doll","Thread and Needle","Coffee Dripper","Bag of Preparation","PreservedInsect","Bottled Lightning","Potion Belt","Dream Catcher"],"potions_floor_usage":[],"damage_taken":[{"damage":4.0,"enemies":"Small Slimes","floor":1.0,"turns":4.0},{"damage":6.0,"enemies":"Cultist","floor":3.0,"turns":5.0},{"damage":1.0,"enemies":"2 Louse","floor":4.0,"turns":4.0},{"damage":6.0,"enemies":"3 Sentries","floor":6.0,"turns":10.0},{"damage":38.0,"enemies":"Gremlin Nob","floor":8.0,"turns":6.0},{"damage":24.0,"enemies":"3 Sentries","floor":10.0,"turns":11.0},{"damage":0.0,"enemies":"Red Slaver","floor":11.0,"turns":4.0},{"damage":0.0,"enemies":"Exordium Thugs","floor":12.0,"turns":4.0},{"damage":19.0,"enemies":"Slime Boss","floor":16.0,"turns":6.0},{"damage":12.0,"enemies":"2 Thieves","floor":18.0,"turns":3.0},{"damage":14.0,"enemies":"Shell Parasite","floor":20.0,"turns":4.0},{"damage":16.0,"enemies":"Book of Stabbing","floor":23.0,"turns":5.0},{"damage":12.0,"enemies":"Snecko","floor":27.0,"turns":4.0},{"damage":0.0,"enemies":"Gremlin Leader","floor":28.0,"turns":4.0},{"damage":0.0,"enemies":"3 Cultists","floor":29.0,"turns":4.0},{"damage":2,"enemies":"Book of Stabbing","floor":30,"turns":4}],"seed_played":"-4071415730536619983","potions_obtained":[{"floor":2.0,"key":"Fire Potion"},{"floor":4.0,"key":"DistilledChaos"},{"floor":6.0,"key":"FairyPotion"},{"floor":8.0,"key":"Swift Potion"},{"floor":10.0,"key":"Weak Potion"},{"floor":12.0,"key":"Weak Potion"},{"floor":16.0,"key":"EssenceOfSteel"},{"floor":23.0,"key":"EssenceOfSteel"}],"is_trial":false,"path_per_floor":["M","?","M","M","?","E","R","E","T","E","M","M","R","?","R","B",null,"M","?","M","$","?","E","R","$","T","M","E","M","E"],"character_chosen":"DEFECT","items_purchased":["Bag of Preparation","Core Surge","Redo+1"],"campfire_rested":1,"item_purchase_floors":[21,21,25],"current_hp_per_floor":[60,60,54,53,46,40,40,2,2,5,5,5,5,5,26,7,55,43,43,29,29,29,13,13,13,13,1,1,1,0],"gold":165,"neow_bonus":"BOSS_RELIC","is_prod":false,"is_daily":false,"chose_seed":false,"campfire_upgraded":3,"win_rate":0,"timestamp":1627706400,"path_taken":["M","?","?","M","?","E","R","E","T","E","M","M","R","?","R","BOSS","M","?","M","?","?","E","R","?","T","M","E","?","E"],"build_version":"2020-12-22","purchased_purges":1,"victory":false,"max_hp_per_floor":[71,71,71,71,71,71,71,71,71,71,71,71,71,71,71,71,71,71,71,71,71,71,71,71,71,71,71,71,71,71],"card_choices":[{"not_picked":["Hologram","Conserve Battery"],"picked":"Cold Snap","floor":1.0},{"not_picked":["Hologram","Gash","Turbo"],"picked":"SKIP","floor":3.0},{"not_picked":["Darkness","Rebound"],"picked":"Cold Snap","floor":4.0},{"not_picked":["Darkness","Chaos"],"picked":"Rainbow","floor":6.0},{"not_picked":["Hologram","Force Field"],"picked":"Loop+1","floor":8.0},{"not_picked":["All For One","Steam+1"],"picked":"Redo+1","floor":10.0},{"not_picked":["Sweeping Beam","Stack+1"],"picked":"FTL","floor":11.0},{"not_picked":["Steam+1","Go for the Eyes"],"picked":"Ball Lightning","floor":12.0},{"not_picked":["Amplify+1","Rainbow+1"],"picked":"Electrodynamics+1","floor":16.0},{"not_picked":["Rebound+1","Double Energy+1"],"picked":"Hologram+1","floor":18.0},{"not_picked":["Hello World+1","Turbo+1"],"picked":"Steam+1","floor":20.0},{"not_picked":["Beam Cell","Go for the Eyes"],"picked":"Ball Lightning","floor":23.0},{"not_picked":["Hologram+1","Go for the Eyes","Barrage"],"picked":"SKIP","floor":27.0},{"not_picked":["Darkness+1","Steam+1"],"picked":"Echo Form+1","floor":28.0},{"not_picked":["Leap+1","Conserve Battery+1"],"picked":"Chill+1","floor":29.0}],"player_experience":1400251,"relics_obtained":[{"floor":6.0,"key":"CeramicFish"},{"floor":6.0,"key":"Ornamental Fan"},{"floor":8.0,"key":"Frozen Egg 2"},{"floor":8.0,"key":"Omamori"},{"floor":9.0,"key":"Toxic Egg 2"},{"floor":10.0,"key":"Du-Vu Doll"},{"floor":10.0,"key":"Thread and Needle"},{"floor":23.0,"key":"PreservedInsect"},{"floor":23.0,"key":"Bottled Lightning"},{"floor":28.0,"key":"Potion Belt"},{"floor":28.0,"key":"Dream Catcher"}],"event_choices":[{"damage_healed":0.0,"max_hp_gain":0.0,"max_hp_loss":0.0,"gold_gain":0.0,"event_name":"The Woman in Blue","player_choice":"Bought 1 Potion","floor":2.0,"gold_loss":0.0,"damage_taken":0.0},{"cards_removed":["Strike_B"],"damage_healed":0.0,"max_hp_gain":0.0,"max_hp_loss":0.0,"gold_gain":0.0,"event_name":"Golden Wing","player_choice":"Card Removal","floor":5.0,"gold_loss":0.0,"damage_taken":7.0},{"damage_healed":0.0,"max_hp_gain":0.0,"max_hp_loss":0.0,"gold_gain":0.0,"event_name":"Upgrade Shrine","player_choice":"Upgraded","floor":14.0,"gold_loss":0.0,"damage_taken":0.0,"cards_upgraded":["Zap"]},{"damage_healed":0.0,"max_hp_gain":0.0,"max_hp_loss":0.0,"gold_gain":0.0,"event_name":"The Joust","player_choice":"Bet on Owner","floor":19.0,"gold_loss":50.0,"damage_taken":0.0},{"damage_healed":0.0,"max_hp_gain":0.0,"max_hp_loss":0.0,"gold_gain":0.0,"event_name":"Cursed Tome","player_choice":"Ignored","floor":22.0,"gold_loss":0.0,"damage_taken":0.0}],"is_beta":false,"boss_relics":[{"not_picked":["Ectoplasm","Sozu"],"picked":"Coffee Dripper"}],"items_purged_floors":[21],"is_endless":false,"potions_floor_spawned":[4,6,8,10,12,16,23],"killed_by":"Book of Stabbing","ascension_level":20}