{"gold_per_floor":[110,123,123,138,156,189,189,189,189,518,518,5,73,149,149,223,223,254,264,264,302,332,380,380,445,526,526,543,543,559,582,582,674,674,694,725,225,225,282,282],"floor_reached":40,"playtime":2239,"items_purged":["Strike_B"],"score":1012,"play_id":"81d192a1-e51b-4ef1-853c-c8f69bd9a3bf","local_time":"20210726131223","is_ascension_mode":true,"campfire_choices":[{"data":"Rip and Tear","floor":7.0,"key":"SMITH"},{"data":"Doom and Gloom","floor":11.0,"key":"SMITH"},{"data":"Defragment","floor":15.0,"key":"SMITH"},{"data":"Fission","floor":24.0,"key":"SMITH"},{"floor":27,"key":"REST"},{"floor":29,"key":"REST"},{"floor":32,"key":"REST"}],"neow_cost":"NONE","seed_source_timestamp":921545329025800,"circlet_count":0,"master_deck":["AscendersBane","Strike_B","Strike_B","Strike_B","Defend_B","Defend_B","Defend_B","Defend_B","Zap","Dualcast","Doom and Gloom+1","Defragment+1","Rip and Tear+1","Compile Driver","Steam Power","Leap","Capacitor","Glacier","HandOfGreed","Capacitor","Fission+1","Cold Snap","Consume","Undo","Core Surge","Consume+1","Capacitor","Capacitor"],"special_seed":0,"relics":["Cracked Core","NeowsBlessing","Cables","StoneCalendar","Lee\u0027s Waffle","Pantograph","Snecko Eye","Nloth\u0027s Gift","Anchor","Potion Belt","Bag of Marbles","Nuclear Battery","Membership Card","Regal Pillow","Blood Vial"],"potions_floor_usage":[25,40,40,40],"damage_taken":[{"damage":0.0,"enemies":"2 Louse","floor":1.0,"turns":1.0},{"damage":0.0,"enemies":"Small Slimes","floor":2.0,"turns":1.0},{"damage":0.0,"enemies":"Cultist","floor":4.0,"turns":1.0},{"damage":10.0,"enemies":"Exordium Thugs","floor":5.0,"turns":4.0},{"damage":30.0,"enemies":"Lagavulin","floor":6.0,"turns":7.0},{"damage":0.0,"enemies":"3 Sentries","floor":8.0,"turns":1.0},{"damage":8.0,"enemies":"Gremlin Nob","floor":10.0,"turns":3.0},{"damage":40.0,"enemies":"3 Sentries","floor":13.0,"turns":5.0},{"damage":24.0,"enemies":"Hexaghost","floor":16.0,"turns":7.0},{"damage":4.0,"enemies":"Chosen","floor":18.0,"turns":6.0},{"damage":6.0,"enemies":"3 Byrds","floor":19.0,"turns":3.0},{"damage":18.0,"enemies":"Snecko","floor":21.0,"turns":5.0},{"damage":7.0,"enemies":"Snake Plant","floor":22.0,"turns":7.0},{"damage":11.0,"enemies":"Gremlin Leader","floor":23.0,"turns":4.0},{"damage":20,"enemies":"Slavers","floor":25,"turns":6},{"damage":23,"enemies":"Shelled Parasite and Fungi","floor":28,"turns":7},{"damage":1,"enemies":"Snecko","floor":30,"turns":5},{"damage":14,"enemies":"Collector","floor":33,"turns":14},{"damage":31,"enemies":"Orb Walker","floor":35,"turns":6},{"damage":14,"enemies":"3 Darklings","floor":36,"turns":7},{"damage":6,"enemies":"Sphere and 2 Shapes","floor":39,"turns":6},{"damage":48,"enemies":"Transient","floor":40,"turns":5}],"seed_played":"-8842192630056507575","potions_obtained":[{"floor":1.0,"key":"Energy Potion"},{"floor":6.0,"key":"SmokeBomb"},{"floor":10.0,"key":"BlessingOfTheForge"},{"floor":13.0,"key":"SkillPotion"},{"floor":18.0,"key":"SkillPotion"},{"floor":23.0,"key":"Swift Potion"},{"floor":30,"key":"PotionOfCapacity"},{"floor":33,"key":"ColorlessPotion"}],"is_trial":false,"path_per_floor":["M","M","?","M","M","E","R","E","T","E","R","$","E","?","R","B",null,"M","M","?","M","M","E","R","E","T","R","M","R","M","T","R","B",null,"M","M","$","?","M","M"],"character_chosen":"DEFECT","items_purchased":["Capacitor","Glacier","Lee\u0027s Waffle","HandOfGreed","Membership Card","Capacitor","Regal Pillow","EssenceOfDarkness","Energy Potion","Blood Vial"],"campfire_rested":3,"item_purchase_floors":[12,12,12,12,37,37,37,37,37,37],"current_hp_per_floor":[64,64,64,64,54,24,24,24,24,16,16,78,38,38,38,39,68,64,58,58,40,33,22,22,2,2,25,2,25,24,24,47,58,73,42,28,28,28,24,0],"gold":282,"neow_bonus":"THREE_ENEMY_KILL","is_prod":false,"is_daily":false,"chose_seed":false,"campfire_upgraded":4,"win_rate":0,"timestamp":1627276343,"path_taken":["M","M","?","M","M","E","R","E","T","E","R","$","E","?","R","BOSS","M","M","?","?","M","E","R","E","T","R","M","R","M","?","R","BOSS","M","M","$","?","M","M"],"build_version":"2020-12-22","purchased_purges":1,"victory":false,"max_hp_per_floor":[71,71,71,71,71,71,71,71,71,71,71,78,78,78,78,78,78,78,78,78,78,78,78,78,78,78,78,78,78,78,78,78,78,78,78,78,78,78,78,78],"card_choices":[{"not_picked":["Storm","Compile Driver"],"picked":"Doom and Gloom","floor":1.0},{"not_picked":["Darkness","Loop"],"picked":"Defragment","floor":2.0},{"not_picked":["Hologram","Steam Power"],"picked":"Rip and Tear","floor":4.0},{"not_picked":["Beam Cell","Coolheaded"],"picked":"Compile Driver","floor":5.0},{"not_picked":["BootSequence","Hyperbeam"],"picked":"Steam Power","floor":6.0},{"not_picked":["Rip and Tear","Gash"],"picked":"Leap","floor":10.0},{"not_picked":["Hyperbeam","Loop"],"picked":"Capacitor","floor":13.0},{"not_picked":["Buffer","Reboot"],"picked":"Fission","floor":16.0},{"not_picked":["Streamline+1","Go for the Eyes","Coolheaded"],"picked":"SKIP","floor":18.0},{"not_picked":["Chill","Force Field","Stack"],"picked":"SKIP","floor":19.0},{"not_picked":["Compile Driver","Machine Learning"],"picked":"Cold Snap","floor":21.0},{"not_picked":["Scrape","Chaos"],"picked":"Consume","floor":22.0},{"not_picked":["Blizzard","Rainbow"],"picked":"Undo","floor":23.0},{"not_picked":["Gash","Barrage"],"picked":"Core Surge","floor":25},{"not_picked":["Hologram","Rebound","Genetic Algorithm"],"picked":"SKIP","floor":28},{"not_picked":["Reinforced Body+1","Chill"],"picked":"Consume+1","floor":30},{"not_picked":["Scrape","Barrage","Streamline+1"],"picked":"SKIP","floor":35},{"not_picked":["Streamline","Stack","Steam Power"],"picked":"SKIP","floor":36},{"not_picked":["Reinforced Body","Leap","Fusion+1"],"picked":"SKIP","floor":39}],"player_experience":1380974,"relics_obtained":[{"floor":6.0,"key":"Cables"},{"floor":9.0,"key":"StoneCalendar"},{"floor":10.0,"key":"Old Coin"},{"floor":13.0,"key":"Pantograph"},{"floor":23.0,"key":"Anchor"},{"floor":25,"key":"Potion Belt"},{"floor":31,"key":"Bag of Marbles"}],"event_choices":[{"damage_healed":0.0,"max_hp_gain":0.0,"max_hp_loss":0.0,"gold_gain":0.0,"event_name":"Golden Idol","player_choice":"Ignored","floor":3.0,"gold_loss":0.0,"damage_taken":0.0},{"damage_healed":0.0,"max_hp_gain":0.0,"max_hp_loss":0.0,"gold_gain":76.0,"event_name":"Golden Wing","player_choice":"Gained Gold","floor":14.0,"gold_loss":0.0,"damage_taken":0.0},{"damage_healed":0.0,"max_hp_gain":0.0,"max_hp_loss":0.0,"gold_gain":0.0,"event_name":"N\u0027loth","player_choice":"Traded Relic","floor":20.0,"relics_lost":["Old Coin"],"gold_loss":0.0,"damage_taken":0.0,"relics_obtained":["Nloth\u0027s Gift"]},{"damage_healed":0,"gold_gain":0,"player_choice":"Copied","damage_taken":0,"max_hp_gain":0,"max_hp_loss":0,"event_name":"Duplicator","floor":38,"gold_loss":0,"cards_obtained":["Capacitor"]}],"is_beta":false,"boss_relics":[{"not_picked":["Cursed Key","Inserter"],"picked":"Snecko Eye"},{"not_picked":["Calling Bell","Velvet Choker"],"picked":"Nuclear Battery"}],"items_purged_floors":[37],"is_endless":false,"potions_floor_spawned":[1,6,10,13,16,18,23,30,33,39],"killed_by":"Transient","ascension_level":20}