{"gold_per_floor":[210,34,44,59,79,79,41,76,76,91,91,117,128,138,138,138],"floor_reached":16,"playtime":522,"items_purged":[],"score":228,"play_id":"ad81a8fd-e01e-45c2-ab24-c6f48ecb542a","local_time":"20210728213721","is_ascension_mode":true,"campfire_choices":[{"data":"Sunder","floor":6.0,"key":"SMITH"},{"data":"Doom and Gloom","floor":11.0,"key":"SMITH"},{"data":"Reprogram","floor":15.0,"key":"SMITH"}],"neow_cost":"NONE","seed_source_timestamp":1126699015147300,"circlet_count":0,"master_deck":["AscendersBane","Strike_B","Strike_B","Strike_B","Strike_B","Defend_B","Defend_B","Defend_B","Defend_B","Zap","Dualcast","Sunder+1","Doom and Gloom+1","Bandage Up","Beam Cell","BootSequence","Reprogram+1","Auto Shields","Self Repair"],"special_seed":0,"relics":["Cracked Core","Sundial","Kunai","StrikeDummy"],"potions_floor_usage":[16,16],"damage_taken":[{"damage":1.0,"enemies":"Cultist","floor":1.0,"turns":3.0},{"damage":0.0,"enemies":"Jaw Worm","floor":3.0,"turns":3.0},{"damage":7.0,"enemies":"2 Louse","floor":4.0,"turns":3.0},{"damage":10.0,"enemies":"Exordium Thugs","floor":5.0,"turns":4.0},{"damage":32.0,"enemies":"Gremlin Nob","floor":8.0,"turns":4.0},{"damage":7.0,"enemies":"Looter","floor":10.0,"turns":3.0},{"damage":24.0,"enemies":"3 Sentries","floor":12.0,"turns":5.0},{"damage":0.0,"enemies":"Blue Slaver","floor":13.0,"turns":2.0},{"damage":0.0,"enemies":"3 Louse","floor":14.0,"turns":3.0},{"damage":24,"enemies":"Slime Boss","floor":16,"turns":5}],"seed_played":"4504378565837788512","potions_obtained":[{"floor":1.0,"key":"LiquidBronze"},{"floor":3.0,"key":"SkillPotion"},{"floor":13.0,"key":"Ancient Potion"},{"floor":14.0,"key":"Explosive Potion"}],"is_trial":false,"path_per_floor":["M","$","M","M","M","R","?","E","T","M","R","E","M","M","R","B"],"character_chosen":"DEFECT","items_purchased":["Doom and Gloom","Bandage Up"],"campfire_rested":0,"item_purchase_floors":[2,2],"current_hp_per_floor":[63,63,67,64,58,58,58,30,30,27,27,7,7,11,11,0],"gold":138,"neow_bonus":"HUNDRED_GOLD","is_prod":false,"is_daily":false,"chose_seed":false,"campfire_upgraded":3,"win_rate":0,"timestamp":1627479441,"path_taken":["M","$","M","M","M","R","?","E","T","M","R","E","M","M","R","BOSS"],"build_version":"2020-12-22","purchased_purges":0,"victory":false,"max_hp_per_floor":[71,71,71,71,71,71,71,71,71,71,71,71,71,71,71,71],"card_choices":[{"not_picked":["White Noise","Recycle"],"picked":"Sunder","floor":1.0},{"not_picked":["Hologram","Gash","Go for the Eyes"],"picked":"SKIP","floor":3.0},{"not_picked":["Recycle","BootSequence","Compile Driver"],"picked":"SKIP","floor":4.0},{"not_picked":["Coolheaded","Go for the Eyes"],"picked":"Beam Cell","floor":5.0},{"not_picked":["Recycle","Static Discharge","Go for the Eyes"],"picked":"SKIP","floor":8.0},{"not_picked":["Aggregate","Hologram"],"picked":"BootSequence","floor":10.0},{"not_picked":["Cold Snap","Reboot"],"picked":"Reprogram","floor":12.0},{"not_picked":["Hologram","Go for the Eyes"],"picked":"Auto Shields","floor":13.0},{"not_picked":["Aggregate","Steam"],"picked":"Self Repair","floor":14.0}],"player_experience":1392392,"relics_obtained":[{"floor":8.0,"key":"Sundial"},{"floor":9.0,"key":"Kunai"},{"floor":12.0,"key":"StrikeDummy"}],"event_choices":[{"damage_healed":0.0,"max_hp_gain":0.0,"max_hp_loss":0.0,"gold_gain":0.0,"event_name":"World of Goop","player_choice":"Left Gold","floor":7.0,"gold_loss":38.0,"damage_taken":0.0}],"is_beta":false,"boss_relics":[],"items_purged_floors":[],"is_endless":false,"potions_floor_spawned":[1,3,13,14],"killed_by":"Slime Boss","ascension_level":20}