{"gold_per_floor":[110,130,145,145,62,62,87,107,158,182,182,210,210,185,185,261,261,272,289,339,358,370,370,403,403,403,403,79,111,128,139,139,217,217,228,239,259,259,69,99,99,99,99,116,131,131,165,165,165,165,165,165,165,5,34,34],"floor_reached":57,"playtime":2991,"items_purged":["Strike_B","Strike_B"],"score":2695,"play_id":"fe307c07-d882-47b6-a39b-a0394d694520","local_time":"20210722233414","is_ascension_mode":true,"campfire_choices":[{"data":"Chaos","floor":6.0,"key":"SMITH"},{"data":"Biased Cognition","floor":11.0,"key":"SMITH"},{"data":"Coolheaded","floor":15.0,"key":"SMITH"},{"data":"Capacitor","floor":23.0,"key":"SMITH"},{"data":"Seek","floor":25.0,"key":"SMITH"},{"floor":27.0,"key":"REST"},{"floor":32.0,"key":"REST"},{"data":"Recycle","floor":46.0,"key":"SMITH"},{"floor":49.0,"key":"RECALL"},{"data":"Biased Cognition","floor":53.0,"key":"SMITH"}],"neow_cost":"NONE","seed_source_timestamp":612173901948200,"circlet_count":0,"master_deck":["AscendersBane","Strike_B+1","Defend_B","Defend_B","Defend_B","Defend_B+1","Zap","Dualcast","Chaos+1","Sweeping Beam","Seek+1","Recycle+1","Biased Cognition+1","Biased Cognition+1","Capacitor+1","Barrage","Cold Snap","Coolheaded+1","Reboot","Ball Lightning","Blizzard","Loop","Heatsinks","Auto Shields","Sweeping Beam","Storm+1","Barrage","Compile Driver","Defragment","Madness","Madness","Chill+1"],"special_seed":0,"relics":["Cracked Core","Meat on the Bone","Odd Mushroom","Anchor","Busted Crown","Dream Catcher","StrikeDummy","Runic Capacitor","Emotion Chip","Nuclear Battery","Cables","Juzu Bracelet","Toy Ornithopter","InkBottle","OrangePellets","Symbiotic Virus"],"potions_floor_usage":[56],"damage_taken":[{"damage":7.0,"enemies":"Jaw Worm","floor":1.0,"turns":4.0},{"damage":9.0,"enemies":"2 Louse","floor":2.0,"turns":2.0},{"damage":7.0,"enemies":"Small Slimes","floor":3.0,"turns":3.0},{"damage":5.0,"enemies":"Gremlin Nob","floor":7.0,"turns":3.0},{"damage":7.0,"enemies":"Looter","floor":8.0,"turns":3.0},{"damage":5.0,"enemies":"The Mushroom Lair","floor":10.0,"turns":4.0},{"damage":5.0,"enemies":"Lagavulin","floor":12.0,"turns":5.0},{"damage":14.0,"enemies":"The Guardian","floor":16.0,"turns":10.0},{"damage":5.0,"enemies":"Shell Parasite","floor":18.0,"turns":5.0},{"damage":0.0,"enemies":"Chosen","floor":19.0,"turns":2.0},{"damage":14.0,"enemies":"Centurion and Healer","floor":21.0,"turns":7.0},{"damage":19.0,"enemies":"3 Cultists","floor":22.0,"turns":4.0},{"damage":23.0,"enemies":"Slavers","floor":24.0,"turns":8.0},{"damage":30.0,"enemies":"Gremlin Leader","floor":29.0,"turns":6.0},{"damage":14.0,"enemies":"Snake Plant","floor":30.0,"turns":3.0},{"damage":20.0,"enemies":"Shelled Parasite and Fungi","floor":31.0,"turns":4.0},{"damage":49.0,"enemies":"Collector","floor":33.0,"turns":9.0},{"damage":28.0,"enemies":"3 Darklings","floor":35.0,"turns":4.0},{"damage":12.0,"enemies":"3 Shapes","floor":36.0,"turns":4.0},{"damage":13.0,"enemies":"Jaw Worm Horde","floor":37.0,"turns":4.0},{"damage":4.0,"enemies":"Giant Head","floor":40.0,"turns":5.0},{"damage":0.0,"enemies":"Transient","floor":44.0,"turns":6.0},{"damage":30.0,"enemies":"Spire Growth","floor":45.0,"turns":4.0},{"damage":0.0,"enemies":"Nemesis","floor":47.0,"turns":5.0},{"damage":4.0,"enemies":"Donu and Deca","floor":50.0,"turns":8.0},{"damage":26.0,"enemies":"Time Eater","floor":51.0,"turns":5.0},{"damage":31,"enemies":"Shield and Spear","floor":55,"turns":5},{"damage":34,"enemies":"The Heart","floor":56,"turns":6}],"seed_played":"-8740013564944297677","potions_obtained":[{"floor":2.0,"key":"PowerPotion"},{"floor":3.0,"key":"PowerPotion"},{"floor":8.0,"key":"AttackPotion"},{"floor":10.0,"key":"Block Potion"},{"floor":22.0,"key":"Block Potion"},{"floor":31.0,"key":"FairyPotion"},{"floor":33.0,"key":"SteroidPotion"},{"floor":36.0,"key":"EssenceOfDarkness"},{"floor":44.0,"key":"Fire Potion"},{"floor":45.0,"key":"EntropicBrew"},{"floor":47.0,"key":"Fire Potion"}],"is_trial":false,"path_per_floor":["M","M","M","?","$","R","E","M","T","?","R","E","?","$","R","B",null,"M","M","?","M","M","R","E","R","T","R","$","E","M","M","R","B",null,"M","M","M","?","$","E","?","?","T","M","M","R","E","T","R","B","B",null,"R","$","E","B",null],"character_chosen":"DEFECT","items_purchased":["Biased Cognition","Coolheaded","Runic Capacitor","Capacitor","Defragment","OrangePellets"],"campfire_rested":2,"item_purchase_floors":[5,14,28,28,39,54],"current_hp_per_floor":[57,48,41,64,64,64,59,52,52,47,47,42,21,21,21,19,58,53,53,53,39,32,32,21,21,21,42,42,24,22,14,35,31,61,45,45,44,44,44,40,27,27,27,39,21,21,33,33,33,41,32,61,61,61,42,25],"gold":34,"neow_bonus":"TRANSFORM_CARD","is_prod":false,"is_daily":false,"chose_seed":false,"campfire_upgraded":7,"win_rate":0,"timestamp":1626968054,"path_taken":["M","M","M","?","$","R","E","M","T","?","R","E","?","$","R","BOSS","M","M","?","M","M","R","E","R","T","R","$","E","M","M","R","BOSS","M","M","M","?","$","E","?","?","T","M","M","R","E","?","R","BOSS","BOSS","R","$","E","BOSS"],"build_version":"2020-12-22","purchased_purges":2,"victory":true,"max_hp_per_floor":[71,71,71,71,71,71,71,71,71,71,71,71,71,71,71,71,71,71,71,71,71,71,71,71,71,71,71,71,71,71,71,71,71,71,71,71,71,71,71,71,71,71,71,71,71,71,71,71,71,71,71,71,71,71,71,71],"card_choices":[{"not_picked":["Ball Lightning","Gash"],"picked":"Sweeping Beam","floor":1.0},{"not_picked":["Redo","Turbo"],"picked":"Seek","floor":2.0},{"not_picked":["Blizzard","Go for the Eyes"],"picked":"Recycle","floor":3.0},{"not_picked":["Stack","Chaos"],"picked":"Biased Cognition","floor":7.0},{"not_picked":["Gash","Aggregate"],"picked":"Capacitor","floor":8.0},{"not_picked":["Steam","Redo"],"picked":"Barrage","floor":10.0},{"not_picked":["Leap","All For One"],"picked":"Cold Snap","floor":12.0},{"not_picked":["Fission","Amplify"],"picked":"Reboot","floor":16.0},{"not_picked":["Beam Cell"],"picked":"SKIP","floor":18.0},{"not_picked":[],"picked":"Ball Lightning","floor":19.0},{"not_picked":["Steam"],"picked":"SKIP","floor":21.0},{"not_picked":["Turbo"],"picked":"SKIP","floor":22.0},{"not_picked":["Sunder"],"picked":"SKIP","floor":24.0},{"not_picked":[],"picked":"Blizzard","floor":27.0},{"not_picked":[],"picked":"Loop","floor":29.0},{"not_picked":[],"picked":"Heatsinks","floor":30.0},{"not_picked":[],"picked":"Auto Shields","floor":31.0},{"not_picked":[],"picked":"Sweeping Beam","floor":32.0},{"not_picked":[],"picked":"Storm+1","floor":35.0},{"not_picked":[],"picked":"Barrage","floor":36.0},{"not_picked":[],"picked":"Compile Driver","floor":37.0},{"not_picked":["Streamline"],"picked":"SKIP","floor":40.0},{"not_picked":["Hologram"],"picked":"SKIP","floor":44.0},{"not_picked":[],"picked":"Chill+1","floor":45.0},{"not_picked":["Recycle"],"picked":"SKIP","floor":47.0},{"not_picked":["Genetic Algorithm+1"],"picked":"SKIP","floor":55}],"player_experience":1362751,"relics_obtained":[{"floor":7.0,"key":"Meat on the Bone"},{"floor":10.0,"key":"Odd Mushroom"},{"floor":12.0,"key":"Anchor"},{"floor":24.0,"key":"Dream Catcher"},{"floor":26.0,"key":"StrikeDummy"},{"floor":29.0,"key":"Emotion Chip"},{"floor":40.0,"key":"Cables"},{"floor":43.0,"key":"Juzu Bracelet"},{"floor":47.0,"key":"Toy Ornithopter"},{"floor":48.0,"key":"InkBottle"},{"floor":55,"key":"Symbiotic Virus"}],"event_choices":[{"damage_healed":23.0,"max_hp_gain":0.0,"max_hp_loss":0.0,"gold_gain":0.0,"event_name":"Big Fish","player_choice":"Banana","floor":4.0,"gold_loss":0.0,"damage_taken":0.0},{"damage_healed":0.0,"max_hp_gain":0.0,"max_hp_loss":0.0,"gold_gain":0.0,"event_name":"Mushrooms","player_choice":"Fought Mushrooms","floor":10.0,"gold_loss":0.0,"damage_taken":0.0},{"damage_healed":0.0,"max_hp_gain":0.0,"max_hp_loss":0.0,"gold_gain":0.0,"event_name":"Shining Light","player_choice":"Entered Light","floor":13.0,"gold_loss":0.0,"damage_taken":21.0,"cards_upgraded":["Strike_B","Defend_B"]},{"damage_healed":0.0,"max_hp_gain":0.0,"max_hp_loss":0.0,"gold_gain":50.0,"event_name":"Nest","player_choice":"Stole From Cult","floor":20.0,"gold_loss":0.0,"damage_taken":0.0},{"damage_healed":0.0,"max_hp_gain":0.0,"max_hp_loss":0.0,"gold_gain":0.0,"event_name":"Mysterious Sphere","player_choice":"Ignored","floor":38.0,"gold_loss":0.0,"damage_taken":0.0},{"damage_healed":0.0,"max_hp_gain":0.0,"max_hp_loss":0.0,"gold_gain":0.0,"event_name":"Winding Halls","player_choice":"Embrace Madness","floor":41.0,"gold_loss":0.0,"damage_taken":13.0,"cards_obtained":["Madness","Madness"]},{"cards_removed":["Capacitor"],"damage_healed":0.0,"max_hp_gain":0.0,"max_hp_loss":0.0,"gold_gain":0.0,"event_name":"Falling","player_choice":"Removed Power","floor":42.0,"gold_loss":0.0,"damage_taken":0.0}],"is_beta":false,"boss_relics":[{"not_picked":["SacredBark","Runic Dome"],"picked":"Busted Crown"},{"not_picked":["Velvet Choker","Sozu"],"picked":"Nuclear Battery"}],"items_purged_floors":[28,39],"is_endless":false,"potions_floor_spawned":[2,3,8,10,22,31,33,36,44,45,47],"ascension_level":20}