{"gold_per_floor":[115,115,132,146,97,97,108,137,137,21,21,55,55],"floor_reached":13,"playtime":411,"items_purged":["Strike_B"],"score":240,"play_id":"4f95da13-1c0c-42b5-82d3-9dcd2d6a3c6c","local_time":"20210728214635","is_ascension_mode":true,"campfire_choices":[{"floor":6.0,"key":"REST"}],"neow_cost":"NONE","seed_source_timestamp":1127519499079600,"circlet_count":0,"master_deck":["AscendersBane","Strike_B","Strike_B","Defend_B","Defend_B","Defend_B","Defend_B","Zap","Dualcast","Multi-Cast+1","Sweeping Beam","Ball Lightning","Hello World","Rip and Tear"],"special_seed":0,"relics":["Cracked Core","Mummified Hand","Singing Bowl","InkBottle"],"potions_floor_usage":[],"damage_taken":[{"damage":3.0,"enemies":"2 Louse","floor":1.0,"turns":2.0},{"damage":1.0,"enemies":"Cultist","floor":3.0,"turns":3.0},{"damage":14.0,"enemies":"Small Slimes","floor":4.0,"turns":3.0},{"damage":36.0,"enemies":"Exordium Thugs","floor":5.0,"turns":5.0},{"damage":9.0,"enemies":"Red Slaver","floor":7.0,"turns":3.0},{"damage":20.0,"enemies":"Lagavulin","floor":8.0,"turns":7.0},{"damage":0.0,"enemies":"3 Sentries","floor":12.0,"turns":4.0},{"damage":10,"enemies":"Gremlin Gang","floor":13,"turns":1}],"seed_played":"5010451639767397584","potions_obtained":[{"floor":1.0,"key":"EssenceOfSteel"},{"floor":7.0,"key":"Fire Potion"},{"floor":8.0,"key":"Explosive Potion"}],"is_trial":false,"path_per_floor":["M","?","M","M","M","R","M","E","T","$","?","E","M"],"character_chosen":"DEFECT","items_purchased":["Rip and Tear"],"campfire_rested":1,"item_purchase_floors":[10],"current_hp_per_floor":[61,61,60,46,10,31,22,2,2,2,2,4,0],"gold":55,"neow_bonus":"TRANSFORM_CARD","is_prod":false,"is_daily":false,"chose_seed":false,"campfire_upgraded":0,"win_rate":0,"timestamp":1627479995,"path_taken":["M","?","M","M","M","R","M","E","T","?","?","E","M"],"build_version":"2020-12-22","purchased_purges":1,"victory":false,"max_hp_per_floor":[71,71,71,71,71,71,71,71,71,71,71,73,73],"card_choices":[{"not_picked":["Leap","Redo","Gash"],"picked":"SKIP","floor":1.0},{"not_picked":["Rebound","Aggregate","Leap"],"picked":"SKIP","floor":3.0},{"not_picked":["Rebound","Aggregate","Leap"],"picked":"SKIP","floor":3.0},{"not_picked":["Stack","Amplify","Gash"],"picked":"SKIP","floor":4.0},{"not_picked":["Recycle","Capacitor"],"picked":"Sweeping Beam","floor":5.0},{"not_picked":["Consume","Rebound"],"picked":"Ball Lightning","floor":7.0},{"not_picked":["Tempest","Undo"],"picked":"Hello World","floor":8.0},{"not_picked":["Steam Power","Go for the Eyes","Conserve Battery"],"picked":"Singing Bowl","floor":12.0}],"player_experience":1392914,"relics_obtained":[{"floor":8.0,"key":"Mummified Hand"},{"floor":9.0,"key":"Singing Bowl"},{"floor":12.0,"key":"InkBottle"}],"event_choices":[{"damage_healed":0.0,"max_hp_gain":0.0,"max_hp_loss":0.0,"gold_gain":0.0,"event_name":"Accursed Blacksmith","player_choice":"Forge","floor":2.0,"gold_loss":0.0,"damage_taken":0.0,"cards_upgraded":["Multi-Cast"]},{"damage_healed":0.0,"max_hp_gain":0.0,"max_hp_loss":0.0,"gold_gain":0.0,"event_name":"Golden Wing","player_choice":"Ignored","floor":11.0,"gold_loss":0.0,"damage_taken":0.0}],"is_beta":false,"boss_relics":[],"items_purged_floors":[10],"is_endless":false,"potions_floor_spawned":[1,7,8],"killed_by":"Gremlin Gang","ascension_level":20}