{"gold_per_floor":[110,120,132,46,46,80,90,121,197,217,244,169,186,186,186,260,260,271,284,284,294,185,217,217,247,247,247,84,97,116,145,145,218,218,237,160,170,185,210,240,255,289,289,300,300,33,60,80,80,80],"floor_reached":50,"playtime":2820,"items_purged":["Strike_B","Strike_B"],"score":1303,"play_id":"a3d5ec29-6f79-456a-9b8e-3b2884b81d35","local_time":"20210731234456","is_ascension_mode":true,"campfire_choices":[{"data":"Zap","floor":15.0,"key":"SMITH"},{"data":"Buffer","floor":24.0,"key":"SMITH"},{"floor":27.0,"key":"REST"},{"data":"Defragment","floor":32.0,"key":"SMITH"},{"floor":45.0,"key":"REST"},{"floor":49.0,"key":"RECALL"}],"neow_cost":"NONE","seed_source_timestamp":1390647188358100,"circlet_count":0,"master_deck":["AscendersBane","Strike_B","Defend_B","Defend_B","Defend_B","Zap+1","Dualcast","Undo","Cold Snap","Sweeping Beam","Rip and Tear","Core Surge","Ball Lightning","Self Repair","Ball Lightning+1","Cold Snap+1","Go for the Eyes+1","Thunder Strike+1","Auto Shields+1","Buffer+1","Go for the Eyes+1","Beam Cell+1","Compile Driver+1","BootSequence+1","Tempest","Ball Lightning+1","Defragment+1","Glacier","Core Surge+1","Defragment","Tempest+1","Compile Driver+1","Conserve Battery+1","Sweeping Beam+1","Undo","Self Repair","Defragment","Glacier"],"special_seed":0,"relics":["Empty Cage","Turnip","FossilizedHelix","Molten Egg 2","Tiny Chest","Nuclear Battery","Blue Candle","Pantograph","Regal Pillow","ClockworkSouvenir","Pen Nib","Snecko Eye","Bag of Preparation","Dream Catcher","DataDisk","Bottled Lightning"],"potions_floor_usage":[50],"damage_taken":[{"damage":6.0,"enemies":"Small Slimes","floor":1.0,"turns":4.0},{"damage":0.0,"enemies":"2 Louse","floor":2.0,"turns":4.0},{"damage":3.0,"enemies":"Jaw Worm","floor":3.0,"turns":6.0},{"damage":41.0,"enemies":"3 Sentries","floor":6.0,"turns":11.0},{"damage":4.0,"enemies":"Lots of Slimes","floor":7.0,"turns":3.0},{"damage":11.0,"enemies":"Gremlin Nob","floor":8.0,"turns":3.0},{"damage":0.0,"enemies":"2 Fungi Beasts","floor":10.0,"turns":4.0},{"damage":0.0,"enemies":"Lagavulin","floor":11.0,"turns":5.0},{"damage":0.0,"enemies":"Large Slime","floor":13.0,"turns":4.0},{"damage":8.0,"enemies":"The Guardian","floor":16.0,"turns":14.0},{"damage":19.0,"enemies":"2 Thieves","floor":18.0,"turns":4.0},{"damage":6.0,"enemies":"3 Byrds","floor":19.0,"turns":5.0},{"damage":0.0,"enemies":"Shelled Parasite and Fungi","floor":21.0,"turns":6.0},{"damage":29.0,"enemies":"Slavers","floor":23.0,"turns":4.0},{"damage":19.0,"enemies":"Book of Stabbing","floor":25.0,"turns":5.0},{"damage":27.0,"enemies":"3 Cultists","floor":29.0,"turns":7.0},{"damage":6.0,"enemies":"Snake Plant","floor":30.0,"turns":4.0},{"damage":18.0,"enemies":"Slavers","floor":31.0,"turns":6.0},{"damage":45.0,"enemies":"Automaton","floor":33.0,"turns":10.0},{"damage":0.0,"enemies":"3 Shapes","floor":35.0,"turns":4.0},{"damage":0.0,"enemies":"Orb Walker","floor":37.0,"turns":3.0},{"damage":11.0,"enemies":"Sphere and 2 Shapes","floor":38.0,"turns":6.0},{"damage":36.0,"enemies":"Nemesis","floor":40.0,"turns":9.0},{"damage":0.0,"enemies":"Writhing Mass","floor":41.0,"turns":6.0},{"damage":32.0,"enemies":"Giant Head","floor":42.0,"turns":7.0},{"damage":11.0,"enemies":"Transient","floor":44.0,"turns":6.0},{"damage":10.0,"enemies":"Reptomancer","floor":47.0,"turns":8.0},{"damage":0.0,"enemies":"4 Shapes","floor":48.0,"turns":3.0},{"damage":87,"enemies":"Donu and Deca","floor":50,"turns":6}],"seed_played":"-2828430076655329954","potions_obtained":[{"floor":1.0,"key":"FocusPotion"},{"floor":6.0,"key":"PowerPotion"},{"floor":8.0,"key":"FocusPotion"},{"floor":16.0,"key":"FearPotion"},{"floor":25.0,"key":"EntropicBrew"},{"floor":29.0,"key":"SpeedPotion"},{"floor":30.0,"key":"Explosive Potion"},{"floor":33.0,"key":"Explosive Potion"},{"floor":41.0,"key":"Energy Potion"},{"floor":42.0,"key":"Weak Potion"},{"floor":47.0,"key":"Fire Potion"}],"is_trial":false,"path_per_floor":["M","M","M","$","?","E","M","E","T","M","E","$","M","?","R","B",null,"M","M","?","M","$","E","R","E","T","R","$","M","M","E","R","B",null,"M","$","M","M","T","E","M","E","T","M","R","$","E","M","R","B"],"character_chosen":"DEFECT","items_purchased":["Rip and Tear","Beam Cell+1","Compile Driver+1","ClockworkSouvenir","Defragment","Defragment","Glacier"],"campfire_rested":2,"item_purchase_floors":[4,22,22,28,36,46,46],"current_hp_per_floor":[58,58,55,55,71,30,26,15,15,15,15,15,22,22,22,21,59,47,41,36,43,43,21,21,9,9,45,45,40,41,30,30,17,58,65,65,71,67,67,38,45,20,20,16,52,52,49,63,63,0],"gold":80,"neow_bonus":"BOSS_RELIC","is_prod":false,"is_daily":false,"chose_seed":false,"campfire_upgraded":3,"win_rate":0,"timestamp":1627746296,"path_taken":["M","M","M","$","?","E","M","E","T","M","E","$","M","?","R","BOSS","M","M","?","M","$","E","R","E","T","R","$","?","M","E","R","BOSS","M","$","M","M","?","E","?","E","T","M","R","?","E","M","R","BOSS"],"build_version":"2020-12-22","purchased_purges":2,"victory":false,"max_hp_per_floor":[71,71,71,71,71,71,71,71,71,71,71,71,71,71,71,71,71,71,71,71,71,71,71,71,71,71,71,71,71,71,71,71,71,71,71,71,71,71,71,71,71,71,71,71,71,71,71,71,71,71],"card_choices":[{"not_picked":["Chaos","Hello World"],"picked":"Undo","floor":1.0},{"not_picked":["Leap","Rebound"],"picked":"Cold Snap","floor":2.0},{"not_picked":["Streamline","Leap"],"picked":"Sweeping Beam","floor":3.0},{"not_picked":["Hologram","Auto Shields"],"picked":"Core Surge","floor":6.0},{"not_picked":["Go for the Eyes","Conserve Battery"],"picked":"Ball Lightning","floor":7.0},{"not_picked":["Barrage","Melter"],"picked":"Self Repair","floor":8.0},{"not_picked":["Rebound+1","Hologram"],"picked":"Ball Lightning+1","floor":10.0},{"not_picked":["Multi-Cast","Heatsinks"],"picked":"Cold Snap+1","floor":11.0},{"not_picked":["Hologram","BootSequence"],"picked":"Go for the Eyes+1","floor":13.0},{"not_picked":["Fission","Reboot"],"picked":"Thunder Strike+1","floor":16.0},{"not_picked":["Streamline+1","Go for the Eyes+1"],"picked":"Auto Shields+1","floor":18.0},{"not_picked":["Conserve Battery","Go for the Eyes+1"],"picked":"Buffer","floor":19.0},{"not_picked":["Force Field+1","Coolheaded"],"picked":"Go for the Eyes+1","floor":21.0},{"not_picked":["Leap","Rebound+1"],"picked":"BootSequence+1","floor":23.0},{"not_picked":["Echo Form","Reboot"],"picked":"Tempest","floor":25.0},{"not_picked":["Stack+1","Go for the Eyes+1"],"picked":"Ball Lightning+1","floor":29.0},{"not_picked":["Rebound+1","Self Repair+1"],"picked":"Defragment","floor":30.0},{"not_picked":["Conserve Battery","Beam Cell+1"],"picked":"Glacier","floor":31.0},{"not_picked":["Rainbow","Meteor Strike+1"],"picked":"Core Surge+1","floor":33.0},{"not_picked":["Redo","Conserve Battery","Steam Power"],"picked":"SKIP","floor":35.0},{"not_picked":["Streamline+1","Leap"],"picked":"Tempest+1","floor":37.0},{"not_picked":["Turbo+1","Lockon+1"],"picked":"Compile Driver+1","floor":38.0},{"not_picked":["Hello World","FTL+1"],"picked":"Conserve Battery+1","floor":40.0},{"not_picked":["Static Discharge","Turbo","Gash+1"],"picked":"SKIP","floor":41.0},{"not_picked":["Lockon+1","Hologram+1"],"picked":"Sweeping Beam+1","floor":42.0},{"not_picked":["Streamline+1","Steam Power"],"picked":"Undo","floor":44.0},{"not_picked":["Leap","Gash+1"],"picked":"Self Repair","floor":45.0},{"not_picked":["Compile Driver+1","Redo","Steam"],"picked":"SKIP","floor":47.0},{"not_picked":["Aggregate","Fusion+1","Conserve Battery"],"picked":"SKIP","floor":48.0}],"player_experience":1402017,"relics_obtained":[{"floor":6.0,"key":"Turnip"},{"floor":8.0,"key":"FossilizedHelix"},{"floor":9.0,"key":"Molten Egg 2"},{"floor":11.0,"key":"Tiny Chest"},{"floor":23.0,"key":"Blue Candle"},{"floor":25.0,"key":"Pantograph"},{"floor":26.0,"key":"Regal Pillow"},{"floor":31.0,"key":"Pen Nib"},{"floor":39.0,"key":"Bag of Preparation"},{"floor":40.0,"key":"Dream Catcher"},{"floor":42.0,"key":"DataDisk"},{"floor":47.0,"key":"Bottled Lightning"}],"event_choices":[{"damage_healed":23.0,"max_hp_gain":0.0,"max_hp_loss":0.0,"gold_gain":0.0,"event_name":"Big Fish","player_choice":"Banana","floor":5.0,"gold_loss":0.0,"damage_taken":0.0},{"damage_healed":0.0,"max_hp_gain":0.0,"max_hp_loss":0.0,"gold_gain":0.0,"event_name":"Liars Game","player_choice":"Ignored","floor":14.0,"gold_loss":0.0,"damage_taken":0.0},{"damage_healed":0.0,"max_hp_gain":0.0,"max_hp_loss":0.0,"gold_gain":0.0,"event_name":"Designer","player_choice":"Punched","floor":20.0,"gold_loss":0.0,"damage_taken":5.0}],"is_beta":false,"boss_relics":[{"not_picked":["Cursed Key","SacredBark"],"picked":"Nuclear Battery"},{"not_picked":["Pandora\u0027s Box","Calling Bell"],"picked":"Snecko Eye"}],"items_purged_floors":[12,46],"is_endless":false,"potions_floor_spawned":[1,6,8,10,16,19,25,29,30,33,41,42,44,47],"killed_by":"Donu and Deca","ascension_level":20}