{"gold_per_floor":[13,28,43,54,71,71,98,115,142,70,70,94,120,131,131,208,208,224,224,236,249,263,298,298,330,378,409,409,443,460,106,106,180,180,192,211,211,231,245,280,292,323,323,338,353,111,111,127,127,127,127],"floor_reached":52,"playtime":4206,"items_purged":[],"score":2370,"play_id":"c007aed3-b949-4bd4-b89c-705bd0bc5c1e","local_time":"20210724123516","is_ascension_mode":true,"campfire_choices":[{"data":"Zap","floor":6,"key":"SMITH"},{"data":"Dualcast","floor":11,"key":"SMITH"},{"data":"Gash","floor":15,"key":"SMITH"},{"data":"FTL","floor":24,"key":"SMITH"},{"data":"Buffer","floor":28,"key":"SMITH"},{"data":"Capacitor","floor":32,"key":"SMITH"},{"data":"Defragment","floor":49,"key":"SMITH"}],"neow_cost":"NO_GOLD","seed_source_timestamp":745166288313900,"circlet_count":0,"master_deck":["AscendersBane","Zap+1","Dualcast+1","All For One","Gash+1","Cold Snap","Doom and Gloom","Turbo+1","Chill","Cold Snap","Beam Cell","Conserve Battery+1","Coolheaded+1","Seek+1","Buffer+1","Genetic Algorithm+1","Stack+1","Aggregate+1","Beam Cell","FTL+1","Undo+1","Steam+1","Cold Snap","Conserve Battery+1","Coolheaded+1","Coolheaded+1","Capacitor+1","Blizzard+1","Good Instincts+1","Reboot+1","Hologram+1","Coolheaded+1","All For One","Consume+1","Defragment+1","Capacitor+1"],"relics":["Cracked Core","Symbiotic Virus","Odd Mushroom","Toxic Egg 2","Pandora\u0027s Box","Pen Nib","Orichalcum","Ancient Tea Set","Akabeko","Cables","Gremlin Horn","Cursed Key","Toy Ornithopter","Bronze Scales","Nunchaku"],"potions_floor_usage":[4,13,13,21,23,27,38],"damage_taken":[{"damage":0,"enemies":"2 Louse","floor":1,"turns":1},{"damage":0,"enemies":"Small Slimes","floor":2,"turns":2},{"damage":7,"enemies":"Jaw Worm","floor":3,"turns":3},{"damage":0,"enemies":"Gremlin Gang","floor":4,"turns":1},{"damage":11,"enemies":"Blue Slaver","floor":5,"turns":3},{"damage":25,"enemies":"Lagavulin","floor":7,"turns":7},{"damage":0,"enemies":"Lots of Slimes","floor":8,"turns":2},{"damage":6,"enemies":"The Mushroom Lair","floor":12,"turns":3},{"damage":2,"enemies":"Gremlin Nob","floor":13,"turns":3},{"damage":0,"enemies":"Exordium Wildlife","floor":14,"turns":3},{"damage":4,"enemies":"The Guardian","floor":16,"turns":9},{"damage":0,"enemies":"2 Thieves","floor":18,"turns":4},{"damage":4,"enemies":"3 Byrds","floor":20,"turns":6},{"damage":1,"enemies":"Snake Plant","floor":21,"turns":4},{"damage":8,"enemies":"Chosen and Byrds","floor":22,"turns":9},{"damage":3,"enemies":"Book of Stabbing","floor":23,"turns":6},{"damage":0,"enemies":"Gremlin Leader","floor":25,"turns":6},{"damage":0,"enemies":"Book of Stabbing","floor":27,"turns":5},{"damage":5,"enemies":"Gremlin Leader","floor":29,"turns":7},{"damage":7,"enemies":"Shelled Parasite and Fungi","floor":30,"turns":6},{"damage":3,"enemies":"Automaton","floor":33,"turns":11},{"damage":0,"enemies":"Orb Walker","floor":35,"turns":2},{"damage":0,"enemies":"3 Darklings","floor":36,"turns":4},{"damage":0,"enemies":"Spire Growth","floor":38,"turns":3},{"damage":0,"enemies":"Writhing Mass","floor":39,"turns":6},{"damage":0,"enemies":"Reptomancer","floor":40,"turns":8},{"damage":0,"enemies":"Jaw Worm Horde","floor":41,"turns":5},{"damage":0,"enemies":"Giant Head","floor":42,"turns":8},{"damage":0,"enemies":"Transient","floor":44,"turns":6},{"damage":3,"enemies":"3 Darklings","floor":45,"turns":5},{"damage":0,"enemies":"4 Shapes","floor":48,"turns":3},{"damage":0,"enemies":"Awakened One","floor":50,"turns":13},{"damage":1,"enemies":"Time Eater","floor":51,"turns":14}],"seed_played":"-8488716224327360222","potions_obtained":[{"floor":2,"key":"AttackPotion"},{"floor":7,"key":"Weak Potion"},{"floor":12,"key":"SkillPotion"},{"floor":14,"key":"SneckoOil"},{"floor":18,"key":"SpeedPotion"},{"floor":20,"key":"SkillPotion"},{"floor":22,"key":"Weak Potion"},{"floor":27,"key":"CultistPotion"},{"floor":29,"key":"Ancient Potion"},{"floor":38,"key":"PotionOfCapacity"}],"is_trial":false,"path_per_floor":["M","M","M","M","M","R","E","M","T","?","R","?","E","M","R","B",null,"M","?","M","M","M","E","R","E","T","E","R","E","M","$","R","B",null,"M","M","?","M","M","E","M","E","T","M","M","$","?","M","R","B","B",null],"character_chosen":"DEFECT","items_purchased":["Good Instincts+1","Gremlin Horn","Nunchaku","Defragment"],"campfire_rested":0,"item_purchase_floors":[31,31,46,46],"current_hp_per_floor":[64,64,57,57,46,46,21,21,21,21,21,15,13,13,13,9,56,56,71,67,66,58,55,55,55,55,55,55,50,43,43,43,40,63,63,63,63,63,63,63,63,63,63,63,60,60,60,60,60,60,59],"gold":127,"neow_bonus":"THREE_RARE_CARDS","is_prod":false,"is_daily":false,"chose_seed":false,"campfire_upgraded":7,"win_rate":0,"timestamp":1627101316,"path_taken":["M","M","M","M","M","R","E","M","T","?","R","?","E","M","R","BOSS","M","?","?","M","M","E","R","E","T","E","R","E","M","$","R","BOSS","M","M","?","?","M","E","M","E","T","M","M","$","?","M","R","BOSS","BOSS"],"build_version":"2020-12-22","purchased_purges":0,"victory":true,"max_hp_per_floor":[71,71,71,71,71,71,71,71,71,71,71,71,71,71,71,71,71,71,71,71,71,71,71,71,71,71,71,71,71,71,71,71,71,71,71,71,71,71,71,71,71,71,71,71,71,71,71,71,71,71,71],"card_choices":[{"not_picked":["Amplify","Seek"],"picked":"All For One","floor":0},{"not_picked":["Leap","Redo"],"picked":"Gash","floor":1},{"not_picked":["Sunder","Force Field"],"picked":"Cold Snap","floor":2},{"not_picked":["Conserve Battery","Aggregate"],"picked":"Doom and Gloom","floor":3},{"not_picked":["Hologram","Reprogram"],"picked":"Turbo","floor":4},{"not_picked":["Tempest","Chaos"],"picked":"Chill","floor":5},{"not_picked":["Barrage","Doom and Gloom"],"picked":"Cold Snap","floor":7},{"not_picked":["Redo","Leap"],"picked":"Beam Cell","floor":8},{"not_picked":["Fusion+1","Meteor Strike"],"picked":"Conserve Battery+1","floor":13},{"not_picked":["Aggregate+1","Consume+1"],"picked":"Coolheaded+1","floor":14},{"not_picked":["Meteor Strike","Buffer"],"picked":"Seek+1","floor":16},{"not_picked":["Leap+1","Storm"],"picked":"Steam+1","floor":18},{"not_picked":["Rip and Tear","Go for the Eyes"],"picked":"Cold Snap","floor":20},{"not_picked":["Double Energy+1","Chaos+1"],"picked":"Conserve Battery+1","floor":21},{"not_picked":["Melter","Hello World+1"],"picked":"Coolheaded+1","floor":22},{"not_picked":["Recycle+1","Barrage","Cold Snap"],"picked":"SKIP","floor":23},{"not_picked":["Go for the Eyes","Leap+1"],"picked":"Coolheaded+1","floor":25},{"not_picked":["Darkness+1","Ball Lightning"],"picked":"Capacitor","floor":27},{"not_picked":["Sunder","Chill+1","Hello World"],"picked":"SKIP","floor":29},{"not_picked":["Hyperbeam","Stack+1"],"picked":"Blizzard+1","floor":30},{"not_picked":["Meteor Strike","Hyperbeam"],"picked":"Reboot+1","floor":33},{"not_picked":["Coolheaded+1","Steam+1"],"picked":"Hologram+1","floor":35},{"not_picked":["Chill+1","Reinforced Body+1","Go for the Eyes"],"picked":"SKIP","floor":36},{"not_picked":["Barrage","Ball Lightning","Steam+1"],"picked":"SKIP","floor":38},{"not_picked":["Beam Cell","Streamline","Ball Lightning"],"picked":"SKIP","floor":39},{"not_picked":["Aggregate+1","Conserve Battery+1","Static Discharge"],"picked":"SKIP","floor":40},{"not_picked":["Darkness+1","Fusion+1"],"picked":"Coolheaded+1","floor":41},{"not_picked":["Steam+1","Skim+1"],"picked":"All For One","floor":42},{"not_picked":["Conserve Battery+1","Redo+1","Leap+1"],"picked":"SKIP","floor":44},{"not_picked":["Beam Cell","Conserve Battery+1"],"picked":"Consume+1","floor":45},{"not_picked":["Hologram+1","Scrape"],"picked":"Capacitor+1","floor":48}],"player_experience":1365742,"relics_obtained":[{"floor":7,"key":"Symbiotic Virus"},{"floor":12,"key":"Odd Mushroom"},{"floor":13,"key":"Toxic Egg 2"},{"floor":23,"key":"Pen Nib"},{"floor":25,"key":"Orichalcum"},{"floor":26,"key":"Ancient Tea Set"},{"floor":27,"key":"Akabeko"},{"floor":29,"key":"Cables"},{"floor":40,"key":"Toy Ornithopter"},{"floor":42,"key":"Bronze Scales"}],"event_choices":[{"damage_healed":0,"gold_gain":0,"player_choice":"Left Gold","damage_taken":0,"max_hp_gain":0,"max_hp_loss":0,"event_name":"World of Goop","floor":10,"gold_loss":72},{"damage_healed":0,"gold_gain":0,"player_choice":"Fought Mushrooms","damage_taken":0,"max_hp_gain":0,"max_hp_loss":0,"event_name":"Mushrooms","floor":12,"gold_loss":0},{"cards_removed":["Heatsinks"],"damage_healed":15,"gold_gain":0,"player_choice":"Offered Uncommon","damage_taken":0,"max_hp_gain":0,"max_hp_loss":0,"event_name":"Bonfire Elementals","floor":19,"gold_loss":0},{"damage_healed":0,"gold_gain":0,"player_choice":"Forge","damage_taken":0,"max_hp_gain":0,"max_hp_loss":0,"event_name":"Accursed Blacksmith","floor":37,"gold_loss":0,"cards_upgraded":["Turbo"]},{"damage_healed":0,"gold_gain":0,"player_choice":"Got Potions","damage_taken":0,"max_hp_gain":0,"max_hp_loss":0,"event_name":"Lab","floor":47,"gold_loss":0}],"is_beta":false,"boss_relics":[{"not_picked":["Astrolabe","Nuclear Battery"],"picked":"Pandora\u0027s Box"},{"not_picked":["Tiny House","Sozu"],"picked":"Cursed Key"}],"items_purged_floors":[],"is_endless":false,"potions_floor_spawned":[2,7,12,14,18,20,22,27,29,33,36,38,41,42,44,45],"ascension_level":20}