{"gold_per_floor":[119,139,152,77,77,77,103,103,103,116,136,168,84,112,112,191,191,209,209,224,259,275,275,288,288,363,390,390,423,423,442,442,518,518,535,551,551,551,551,551,582,582,582,617,635,635,653,240,240,240,240],"floor_reached":51,"playtime":2494,"items_purged":[],"score":1576,"play_id":"2ee8dd05-3542-47ec-904d-dc37cf40b939","local_time":"20210724175726","is_ascension_mode":true,"campfire_choices":[{"data":"Streamline","floor":6.0,"key":"SMITH"},{"data":"Zap","floor":8.0,"key":"SMITH"},{"data":"Beam Cell","floor":15.0,"key":"SMITH"},{"data":"Electrodynamics","floor":23.0,"key":"SMITH"},{"data":"FTL","floor":25.0,"key":"SMITH"},{"data":"FTL","floor":30.0,"key":"SMITH"},{"data":"Thunder Strike","floor":32.0,"key":"SMITH"},{"floor":40.0,"key":"RECALL"},{"floor":42.0,"key":"REST"},{"floor":49.0,"key":"REST"}],"neow_cost":"NONE","seed_source_timestamp":765960723056900,"circlet_count":0,"master_deck":["AscendersBane","Zap+1","Dualcast","Glacier","Ball Lightning","Compile Driver","Beam Cell+1","Self Repair","Electrodynamics+1","Thunder Strike+1","Undo","Meteor Strike","Storm","Tempest","Scrape","Steam","Steam+1","FTL+1","Sweeping Beam","Self Repair","Cold Snap","FTL+1","Cold Snap","All For One","Conserve Battery+1","Double Energy+1","Madness","Madness","Violence","All For One"],"special_seed":0,"relics":["Cracked Core","Bag of Marbles","HornCleat","Kunai","Nunchaku","Singing Bowl","Pandora\u0027s Box","Red Mask","The Courier","Anchor","CaptainsWheel","Fusion Hammer","Frozen Egg 2","Art of War","ClockworkSouvenir","Shuriken"],"potions_floor_usage":[],"damage_taken":[{"damage":7.0,"enemies":"Small Slimes","floor":1.0,"turns":4.0},{"damage":11.0,"enemies":"2 Louse","floor":2.0,"turns":2.0},{"damage":0.0,"enemies":"Cultist","floor":3.0,"turns":2.0},{"damage":16.0,"enemies":"Lagavulin","floor":7.0,"turns":8.0},{"damage":0.0,"enemies":"2 Fungi Beasts","floor":10.0,"turns":2.0},{"damage":0.0,"enemies":"Looter","floor":11.0,"turns":1.0},{"damage":10.0,"enemies":"Gremlin Nob","floor":12.0,"turns":4.0},{"damage":6.0,"enemies":"3 Sentries","floor":14.0,"turns":6.0},{"damage":11.0,"enemies":"The Guardian","floor":16.0,"turns":9.0},{"damage":25.0,"enemies":"3 Byrds","floor":18.0,"turns":4.0},{"damage":21.0,"enemies":"Shell Parasite","floor":20.0,"turns":3.0},{"damage":8.0,"enemies":"Masked Bandits","floor":21.0,"turns":3.0},{"damage":18.0,"enemies":"Chosen and Byrds","floor":22.0,"turns":4.0},{"damage":8.0,"enemies":"Centurion and Healer","floor":24.0,"turns":3.0},{"damage":0.0,"enemies":"Slavers","floor":27.0,"turns":3.0},{"damage":1.0,"enemies":"Colosseum Slavers","floor":28.0,"turns":3.0},{"damage":0.0,"enemies":"Gremlin Leader","floor":29.0,"turns":5.0},{"damage":9.0,"enemies":"3 Cultists","floor":31.0,"turns":5.0},{"damage":11.0,"enemies":"Automaton","floor":33.0,"turns":6.0},{"damage":0.0,"enemies":"Orb Walker","floor":35.0,"turns":3.0},{"damage":3.0,"enemies":"3 Darklings","floor":36.0,"turns":4.0},{"damage":3.0,"enemies":"Giant Head","floor":41.0,"turns":6.0},{"damage":70.0,"enemies":"Reptomancer","floor":44.0,"turns":8.0},{"damage":0.0,"enemies":"Writhing Mass","floor":45.0,"turns":4.0},{"damage":0.0,"enemies":"Spire Growth","floor":47.0,"turns":4.0},{"damage":59.0,"enemies":"Awakened One","floor":50.0,"turns":7.0},{"damage":62,"enemies":"Time Eater","floor":51,"turns":6}],"seed_played":"-9056737782195522865","potions_obtained":[{"floor":3.0,"key":"EntropicBrew"},{"floor":7.0,"key":"SneckoOil"},{"floor":10.0,"key":"FocusPotion"},{"floor":18.0,"key":"FearPotion"},{"floor":22.0,"key":"DistilledChaos"},{"floor":31.0,"key":"Fire Potion"},{"floor":35.0,"key":"BlessingOfTheForge"},{"floor":41.0,"key":"PowerPotion"},{"floor":46.0,"key":"EntropicBrew"}],"is_trial":false,"path_per_floor":["M","M","M","?","?","R","E","R","T","M","M","E","$","E","R","B",null,"M","?","M","?","M","R","M","R","T","E","?","E","R","M","R","B",null,"M","M","?","?","?","R","E","R","T","E","M","?","M","$","R","B","B"],"character_chosen":"DEFECT","items_purchased":["Self Repair","ClockworkSouvenir","Shuriken","Regen Potion"],"campfire_rested":2,"item_purchase_floors":[13,48,48,48],"current_hp_per_floor":[57,46,46,46,46,46,30,30,30,30,30,20,20,23,23,19,60,42,42,30,29,18,18,17,17,17,17,23,37,37,42,42,38,66,73,75,61,61,61,61,74,77,77,21,30,30,46,46,70,30,0],"gold":240,"neow_bonus":"RANDOM_COMMON_RELIC","is_prod":false,"is_daily":false,"chose_seed":false,"campfire_upgraded":7,"win_rate":0,"timestamp":1627120646,"path_taken":["M","M","M","?","?","R","E","R","T","M","M","E","$","E","R","BOSS","M","?","M","?","M","R","M","R","T","E","?","E","R","M","R","BOSS","M","M","?","?","?","R","E","R","T","E","M","?","M","$","R","BOSS","BOSS"],"build_version":"2020-12-22","purchased_purges":0,"victory":false,"max_hp_per_floor":[71,71,71,71,71,71,71,71,71,71,71,71,71,73,73,73,73,73,73,75,75,75,75,75,75,75,75,75,75,75,75,75,75,75,75,75,75,75,75,75,77,77,77,77,79,79,81,81,81,81,81],"card_choices":[{"not_picked":["Ball Lightning","Rebound"],"picked":"Glacier","floor":1.0},{"not_picked":["Leap","Tempest"],"picked":"Streamline","floor":2.0},{"not_picked":["Hello World","Redo","Storm"],"picked":"SKIP","floor":3.0},{"not_picked":["All For One","Stack"],"picked":"Ball Lightning","floor":7.0},{"not_picked":["Storm","Beam Cell"],"picked":"Compile Driver","floor":10.0},{"not_picked":["Leap","Reprogram"],"picked":"Beam Cell","floor":11.0},{"not_picked":["Streamline","Tempest","Fusion"],"picked":"SKIP","floor":12.0},{"not_picked":["Compile Driver","Streamline","Sunder"],"picked":"Singing Bowl","floor":14.0},{"not_picked":["Thunder Strike","Fission"],"picked":"Electrodynamics","floor":16.0},{"not_picked":["Gash","Compile Driver+1"],"picked":"Steam+1","floor":18.0},{"not_picked":["Steam","Reprogram","Scrape"],"picked":"Singing Bowl","floor":20.0},{"not_picked":["Redo","Conserve Battery"],"picked":"FTL","floor":21.0},{"not_picked":["Gash+1","Stack"],"picked":"Sweeping Beam","floor":22.0},{"not_picked":["Barrage","Turbo"],"picked":"Self Repair","floor":24.0},{"not_picked":["Doom and Gloom+1","Steam"],"picked":"Cold Snap","floor":27.0},{"not_picked":["Barrage","Fusion"],"picked":"FTL","floor":29.0},{"not_picked":["Gash","Rainbow"],"picked":"Cold Snap","floor":31.0},{"not_picked":["Creative AI","Buffer"],"picked":"All For One","floor":33.0},{"not_picked":["Reprogram","Genetic Algorithm"],"picked":"Conserve Battery+1","floor":35.0},{"not_picked":["Static Discharge+1","Cold Snap"],"picked":"Double Energy+1","floor":36.0},{"not_picked":["Deep Breath","Discovery"],"picked":"Violence","floor":38.0},{"not_picked":["Hello World+1","Conserve Battery","Coolheaded"],"picked":"Singing Bowl","floor":41.0},{"not_picked":["Machine Learning+1","Lockon+1"],"picked":"All For One","floor":44.0},{"not_picked":["Beam Cell+1","Coolheaded","Fusion"],"picked":"Singing Bowl","floor":45.0},{"not_picked":["Streamline","Gash","Coolheaded"],"picked":"Singing Bowl","floor":47.0}],"player_experience":1372476,"relics_obtained":[{"floor":7.0,"key":"HornCleat"},{"floor":9.0,"key":"Kunai"},{"floor":12.0,"key":"Nunchaku"},{"floor":14.0,"key":"Singing Bowl"},{"floor":21.0,"key":"Red Mask"},{"floor":26.0,"key":"The Courier"},{"floor":27.0,"key":"Anchor"},{"floor":29.0,"key":"CaptainsWheel"},{"floor":41.0,"key":"Frozen Egg 2"},{"floor":44.0,"key":"Art of War"}],"event_choices":[{"damage_healed":0.0,"max_hp_gain":0.0,"max_hp_loss":0.0,"gold_gain":0.0,"event_name":"World of Goop","player_choice":"Left Gold","floor":4.0,"gold_loss":75.0,"damage_taken":0.0},{"cards_removed":["Strike_B"],"damage_healed":0.0,"max_hp_gain":0.0,"max_hp_loss":0.0,"gold_gain":0.0,"event_name":"Wheel of Change","player_choice":"Card Removal","floor":5.0,"gold_loss":0.0,"damage_taken":0.0},{"damage_healed":0.0,"max_hp_gain":0.0,"max_hp_loss":0.0,"gold_gain":0.0,"event_name":"Vampires","player_choice":"Ignored","floor":19.0,"gold_loss":0.0,"damage_taken":0.0},{"damage_healed":0.0,"max_hp_gain":0.0,"max_hp_loss":0.0,"gold_gain":0.0,"event_name":"Masked Bandits","player_choice":"Fought Bandits","floor":21.0,"gold_loss":0.0,"damage_taken":0.0},{"damage_healed":0.0,"max_hp_gain":0.0,"max_hp_loss":0.0,"gold_gain":0.0,"event_name":"Colosseum","player_choice":"Fight","floor":28.0,"gold_loss":0.0,"damage_taken":0.0},{"damage_healed":0.0,"max_hp_gain":0.0,"max_hp_loss":0.0,"gold_gain":0.0,"event_name":"Colosseum","player_choice":"Fled From Nobs","floor":28.0,"gold_loss":0.0,"damage_taken":0.0},{"damage_healed":0.0,"max_hp_gain":0.0,"max_hp_loss":0.0,"gold_gain":0.0,"event_name":"Winding Halls","player_choice":"Embrace Madness","floor":37.0,"gold_loss":0.0,"damage_taken":14.0,"cards_obtained":["Madness","Madness"]},{"damage_healed":0.0,"max_hp_gain":0.0,"max_hp_loss":0.0,"gold_gain":0.0,"event_name":"SensoryStone","player_choice":"Memory 1","floor":38.0,"gold_loss":0.0,"damage_taken":0.0},{"cards_removed":["Streamline"],"damage_healed":0.0,"max_hp_gain":0.0,"max_hp_loss":0.0,"gold_gain":0.0,"event_name":"Falling","player_choice":"Removed Attack","floor":39.0,"gold_loss":0.0,"damage_taken":0.0},{"damage_healed":0.0,"max_hp_gain":0.0,"max_hp_loss":0.0,"gold_gain":0.0,"event_name":"Lab","player_choice":"Got Potions","floor":46.0,"gold_loss":0.0,"damage_taken":0.0}],"is_beta":false,"boss_relics":[{"not_picked":["Cursed Key","Velvet Choker"],"picked":"Pandora\u0027s Box"},{"not_picked":["Philosopher\u0027s Stone","Inserter"],"picked":"Fusion Hammer"}],"items_purged_floors":[],"is_endless":false,"potions_floor_spawned":[3,7,10,18,22,28,31,35,41],"killed_by":"Time Eater","ascension_level":20}