{"gold_per_floor":[112,187,200,213,230,230,262,262,287,321,337,354,374,428,428,500,500,517,517,517,359,370,370,385,412,412,425,425,425,454,102,102,102],"floor_reached":33,"playtime":1434,"items_purged":["Decay"],"score":624,"play_id":"b2d33df5-ba33-4fa4-8557-54273ce65202","local_time":"20210725021854","is_ascension_mode":true,"campfire_choices":[{"data":"Chaos","floor":6.0,"key":"SMITH"},{"floor":8.0,"key":"REST"},{"floor":15.0,"key":"REST"},{"data":"Static Discharge","floor":23.0,"key":"SMITH"},{"data":"Capacitor","floor":29.0,"key":"SMITH"},{"data":"Coolheaded","floor":32,"key":"SMITH"}],"neow_cost":"NONE","seed_source_timestamp":797035027940600,"circlet_count":0,"master_deck":["AscendersBane","Strike_B","Strike_B","Strike_B","Defend_B","Defend_B","Defend_B","Defend_B","Zap","Dualcast","FTL","Conserve Battery","Chaos+1","Redo","Auto Shields","Capacitor+1","Core Surge","CurseOfTheBell","Ball Lightning+1","FTL+1","Steam+1","Conserve Battery","Static Discharge+1","Core Surge","Stack+1","Capacitor","Coolheaded+1","Steam Power"],"special_seed":0,"relics":["Cracked Core","NeowsBlessing","Anchor","Bag of Preparation","Akabeko","Ancient Tea Set","Calling Bell","Strawberry","HornCleat","Lizard Tail","Orrery","PreservedInsect","MealTicket","Red Mask","Centennial Puzzle"],"potions_floor_usage":[30],"damage_taken":[{"damage":0.0,"enemies":"Jaw Worm","floor":1.0,"turns":1.0},{"damage":0.0,"enemies":"Small Slimes","floor":3.0,"turns":1.0},{"damage":0.0,"enemies":"2 Louse","floor":4.0,"turns":1.0},{"damage":2.0,"enemies":"Lots of Slimes","floor":5.0,"turns":4.0},{"damage":31.0,"enemies":"3 Sentries","floor":7.0,"turns":8.0},{"damage":8.0,"enemies":"Gremlin Nob","floor":10.0,"turns":3.0},{"damage":11.0,"enemies":"Large Slime","floor":11.0,"turns":6.0},{"damage":7.0,"enemies":"3 Louse","floor":12.0,"turns":3.0},{"damage":0.0,"enemies":"Blue Slaver","floor":13.0,"turns":3.0},{"damage":0.0,"enemies":"3 Sentries","floor":14.0,"turns":6.0},{"damage":32.0,"enemies":"Slime Boss","floor":16.0,"turns":9.0},{"damage":14.0,"enemies":"Shell Parasite","floor":18.0,"turns":7.0},{"damage":14.0,"enemies":"3 Byrds","floor":22.0,"turns":5.0},{"damage":20.0,"enemies":"Shelled Parasite and Fungi","floor":24.0,"turns":5.0},{"damage":27.0,"enemies":"Gremlin Leader","floor":25.0,"turns":5.0},{"damage":2.0,"enemies":"Cultist and Chosen","floor":27.0,"turns":7.0},{"damage":22,"enemies":"Masked Bandits","floor":30,"turns":5},{"damage":41,"enemies":"Champ","floor":33,"turns":10}],"seed_played":"-2871507092376758746","potions_obtained":[{"floor":1.0,"key":"FearPotion"},{"floor":3.0,"key":"BlessingOfTheForge"},{"floor":11.0,"key":"ColorlessPotion"},{"floor":13.0,"key":"FocusPotion"},{"floor":16.0,"key":"Block Potion"},{"floor":22.0,"key":"FearPotion"},{"floor":24.0,"key":"PowerPotion"}],"is_trial":false,"path_per_floor":["M","?","M","M","M","R","E","R","T","E","M","M","M","E","R","B",null,"M","?","?","$","M","R","M","E","T","M","?","R","?","$","R","B"],"character_chosen":"DEFECT","items_purchased":["Orrery","Coolheaded","Steam Power","Centennial Puzzle"],"campfire_rested":2,"item_purchase_floors":[21,31,31,31],"current_hp_per_floor":[64,53,53,53,51,51,20,41,41,33,22,15,15,15,36,4,61,47,47,47,47,33,33,13,31,31,29,29,29,7,22,22,0],"gold":102,"neow_bonus":"THREE_ENEMY_KILL","is_prod":false,"is_daily":false,"chose_seed":false,"campfire_upgraded":4,"win_rate":0,"timestamp":1627150734,"path_taken":["M","?","M","M","M","R","E","R","T","E","M","M","M","E","R","BOSS","M","?","?","$","M","R","?","E","T","M","?","R","?","$","R","BOSS"],"build_version":"2020-12-22","purchased_purges":1,"victory":false,"max_hp_per_floor":[71,71,71,71,71,71,71,71,71,71,71,71,71,71,71,71,78,78,78,78,78,78,78,78,78,78,78,78,78,78,78,78,78],"card_choices":[{"not_picked":["Storm","Beam Cell"],"picked":"FTL","floor":1.0},{"not_picked":["Stack","Compile Driver"],"picked":"Conserve Battery","floor":3.0},{"not_picked":["Stack","Hologram","Double Energy"],"picked":"SKIP","floor":4.0},{"not_picked":["Go for the Eyes","Rebound"],"picked":"Chaos","floor":5.0},{"not_picked":["Genetic Algorithm","Hello World"],"picked":"Redo","floor":7.0},{"not_picked":["White Noise","Genetic Algorithm"],"picked":"Auto Shields","floor":10.0},{"not_picked":["Blizzard","Turbo","Scrape"],"picked":"SKIP","floor":11.0},{"not_picked":["Steam","Fission","Fusion"],"picked":"SKIP","floor":12.0},{"not_picked":["Turbo","Blizzard","Melter"],"picked":"SKIP","floor":13.0},{"not_picked":["Undo","Melter"],"picked":"Capacitor","floor":14.0},{"not_picked":["Amplify","Multi-Cast"],"picked":"Core Surge","floor":16.0},{"not_picked":["Coolheaded","Tempest"],"picked":"Ball Lightning+1","floor":18.0},{"not_picked":["Chaos","Lockon"],"picked":"FTL+1","floor":21.0},{"not_picked":["Sweeping Beam","Beam Cell"],"picked":"Steam+1","floor":21.0},{"not_picked":["BootSequence","Ball Lightning"],"picked":"Conserve Battery","floor":21.0},{"not_picked":["White Noise","Lockon"],"picked":"Static Discharge","floor":22.0},{"not_picked":["Leap","Hello World"],"picked":"Core Surge","floor":24.0},{"not_picked":["Buffer","Genetic Algorithm"],"picked":"Stack+1","floor":25.0},{"not_picked":["Barrage","Hello World"],"picked":"Capacitor","floor":27.0}],"player_experience":1377388,"relics_obtained":[{"floor":7.0,"key":"Anchor"},{"floor":9.0,"key":"Bag of Preparation"},{"floor":10.0,"key":"Akabeko"},{"floor":14.0,"key":"Ancient Tea Set"},{"floor":17.0,"key":"Strawberry"},{"floor":17.0,"key":"HornCleat"},{"floor":17.0,"key":"Lizard Tail"},{"floor":25.0,"key":"PreservedInsect"},{"floor":26.0,"key":"MealTicket"},{"floor":30,"key":"Red Mask"}],"event_choices":[{"damage_healed":0.0,"max_hp_gain":0.0,"max_hp_loss":0.0,"gold_gain":75.0,"event_name":"World of Goop","player_choice":"Gather Gold","floor":2.0,"gold_loss":0.0,"damage_taken":11.0},{"damage_healed":0.0,"max_hp_gain":0.0,"max_hp_loss":0.0,"gold_gain":0.0,"event_name":"Beggar","player_choice":"Ignored","floor":19.0,"gold_loss":0.0,"damage_taken":0.0},{"cards_removed":["Strike_B"],"damage_healed":0.0,"max_hp_gain":0.0,"max_hp_loss":0.0,"gold_gain":0.0,"event_name":"Purifier","player_choice":"Purged","floor":20.0,"gold_loss":0.0,"damage_taken":0.0},{"damage_healed":0.0,"max_hp_gain":0.0,"max_hp_loss":0.0,"gold_gain":0.0,"event_name":"Forgotten Altar","player_choice":"Smashed Altar","floor":28.0,"gold_loss":0.0,"damage_taken":0.0,"cards_obtained":["Decay"]},{"damage_healed":0,"gold_gain":0,"player_choice":"Fought Bandits","damage_taken":0,"max_hp_gain":0,"max_hp_loss":0,"event_name":"Masked Bandits","floor":30,"gold_loss":0}],"is_beta":false,"boss_relics":[{"not_picked":["Runic Dome","Ectoplasm"],"picked":"Calling Bell"}],"items_purged_floors":[31],"is_endless":false,"potions_floor_spawned":[1,3,11,13,16,22,24],"killed_by":"Champ","ascension_level":20}