{"gold_per_floor":[112,124,124,124,141,141,176,187,187,218,228,228,238,257,257,335,335,350,365,345,157,172,172,201,201,201,230,0,15,15,29,29,29],"floor_reached":33,"playtime":1850,"items_purged":["Strike_B","Strike_B"],"score":598,"play_id":"b6b0cabf-0ce8-41f1-ba8a-704d6048367e","local_time":"20210726184424","is_ascension_mode":true,"campfire_choices":[{"data":"Zap","floor":6,"key":"SMITH"},{"data":"Dualcast","floor":12,"key":"SMITH"},{"floor":15,"key":"REST"},{"data":"White Noise","floor":23,"key":"SMITH"},{"floor":25,"key":"REST"},{"floor":32,"key":"REST"}],"neow_cost":"NONE","seed_source_timestamp":942480648146600,"circlet_count":0,"master_deck":["AscendersBane","Strike_B+1","Strike_B+1","Defend_B+1","Defend_B+1","Defend_B+1","Defend_B+1","Zap+1","Dualcast+1","Undo","Cold Snap","Sweeping Beam","All For One","Beam Cell","Compile Driver","Cold Snap","Seek","BootSequence+1","Beam Cell","White Noise+1","Auto Shields","Go for the Eyes","Capacitor","Turbo","Sweeping Beam"],"relics":["FrozenCore","NeowsBlessing","FossilizedHelix","Emotion Chip","Dead Branch","HornCleat","Ancient Tea Set"],"potions_floor_usage":[7,24,24,33,33],"damage_taken":[{"damage":0,"enemies":"Cultist","floor":1,"turns":1},{"damage":0,"enemies":"Small Slimes","floor":2,"turns":1},{"damage":0,"enemies":"Jaw Worm","floor":5,"turns":1},{"damage":36,"enemies":"Gremlin Nob","floor":7,"turns":4},{"damage":11,"enemies":"Lots of Slimes","floor":8,"turns":5},{"damage":6,"enemies":"3 Sentries","floor":10,"turns":7},{"damage":0,"enemies":"Looter","floor":11,"turns":3},{"damage":0,"enemies":"Red Slaver","floor":13,"turns":2},{"damage":2,"enemies":"2 Fungi Beasts","floor":14,"turns":3},{"damage":16,"enemies":"Slime Boss","floor":16,"turns":8},{"damage":5,"enemies":"3 Byrds","floor":18,"turns":5},{"damage":15,"enemies":"2 Thieves","floor":19,"turns":4},{"damage":11,"enemies":"Chosen and Byrds","floor":22,"turns":8},{"damage":18,"enemies":"Slavers","floor":24,"turns":7},{"damage":16,"enemies":"Book of Stabbing","floor":27,"turns":6},{"damage":0,"enemies":"Shelled Parasite and Fungi","floor":29,"turns":7},{"damage":0,"enemies":"Centurion and Healer","floor":31,"turns":9},{"damage":42,"enemies":"Collector","floor":33,"turns":9}],"seed_played":"2875729556511560634","potions_obtained":[{"floor":2,"key":"FocusPotion"},{"floor":8,"key":"Ancient Potion"},{"floor":11,"key":"Dexterity Potion"},{"floor":13,"key":"Block Potion"},{"floor":16,"key":"AttackPotion"},{"floor":29,"key":"ColorlessPotion"},{"floor":31,"key":"AttackPotion"}],"is_trial":false,"path_per_floor":["M","M","?","?","M","R","E","M","T","E","M","R","M","M","R","B",null,"M","M","?","$","M","R","E","R","T","E","$","M","?","M","R","B"],"character_chosen":"DEFECT","items_purchased":["Beam Cell","White Noise","Capacitor","Turbo"],"campfire_rested":3,"item_purchase_floors":[21,21,28,28],"current_hp_per_floor":[64,64,64,64,64,64,28,17,17,11,11,11,11,9,30,14,57,52,37,37,37,26,26,8,29,29,13,13,13,13,13,34,0],"gold":29,"neow_bonus":"THREE_ENEMY_KILL","is_prod":false,"is_daily":false,"chose_seed":false,"campfire_upgraded":3,"win_rate":0,"timestamp":1627296264,"path_taken":["M","?","?","?","?","R","E","M","T","E","M","R","M","M","R","BOSS","M","?","?","$","?","R","E","R","T","E","?","M","?","M","R","BOSS"],"build_version":"2020-12-22","purchased_purges":2,"victory":false,"max_hp_per_floor":[71,71,71,71,71,71,71,71,71,71,71,71,71,71,71,71,71,71,71,71,71,71,71,71,71,71,71,71,71,71,71,71,71],"card_choices":[{"not_picked":["Redo","Beam Cell","Go for the Eyes"],"picked":"SKIP","floor":1},{"not_picked":["Rebound","Recycle"],"picked":"Undo","floor":2},{"not_picked":["Lockon","Scrape","Go for the Eyes"],"picked":"SKIP","floor":5},{"not_picked":["Rebound","Go for the Eyes"],"picked":"Cold Snap","floor":7},{"not_picked":["Fusion","Lockon"],"picked":"Sweeping Beam","floor":8},{"not_picked":["Meteor Strike","Ball Lightning"],"picked":"All For One","floor":10},{"not_picked":["Coolheaded","Static Discharge"],"picked":"Beam Cell","floor":11},{"not_picked":["Sweeping Beam","Stack"],"picked":"Compile Driver","floor":13},{"not_picked":["Force Field","Reprogram"],"picked":"Cold Snap","floor":14},{"not_picked":["Creative AI","Electrodynamics"],"picked":"Seek","floor":16},{"not_picked":["Sunder","Cold Snap","Coolheaded"],"picked":"SKIP","floor":18},{"not_picked":["Redo","Gash"],"picked":"BootSequence+1","floor":19},{"not_picked":["Streamline","Melter"],"picked":"Auto Shields","floor":22},{"not_picked":["Reprogram","All For One"],"picked":"Go for the Eyes","floor":24},{"not_picked":["Genetic Algorithm","Cold Snap","Barrage"],"picked":"SKIP","floor":27},{"not_picked":["Melter","Turbo"],"picked":"Sweeping Beam","floor":29},{"not_picked":["Thunder Strike","Auto Shields","Cold Snap"],"picked":"SKIP","floor":31}],"player_experience":1383691,"relics_obtained":[{"floor":7,"key":"FossilizedHelix"},{"floor":9,"key":"Emotion Chip"},{"floor":10,"key":"Dead Branch"},{"floor":24,"key":"HornCleat"},{"floor":27,"key":"Ancient Tea Set"}],"event_choices":[{"damage_healed":0,"gold_gain":0,"player_choice":"Ignored","damage_taken":0,"max_hp_gain":0,"max_hp_loss":0,"event_name":"Liars Game","floor":3,"gold_loss":0},{"damage_healed":0,"gold_gain":0,"player_choice":"Ignored","damage_taken":0,"max_hp_gain":0,"max_hp_loss":0,"event_name":"Golden Idol","floor":4,"gold_loss":0},{"damage_healed":0,"gold_gain":0,"player_choice":"Bought 1 Potion","damage_taken":0,"max_hp_gain":0,"max_hp_loss":0,"event_name":"The Woman in Blue","floor":20,"gold_loss":0},{"damage_healed":0,"gold_gain":0,"player_choice":"Simplicity","damage_taken":0,"max_hp_gain":0,"max_hp_loss":0,"event_name":"Back to Basics","floor":30,"gold_loss":0,"cards_upgraded":["Strike_B","Strike_B","Defend_B","Defend_B","Defend_B","Defend_B"]}],"is_beta":false,"boss_relics":[{"not_picked":["Cursed Key","Velvet Choker"],"picked":"FrozenCore"}],"items_purged_floors":[21,28],"is_endless":false,"potions_floor_spawned":[2,8,11,13,16,19,29,31],"killed_by":"Collector","ascension_level":20}