{"gold_per_floor":[114,73,85,105,105,132,132,149,174,174,174,203,203,230,230,307,307,325,335,96,110,120,120,154,154,178,208,220,220,220,232,232,232],"floor_reached":33,"playtime":992,"items_purged":["Strike_B"],"score":660,"play_id":"fa18e23b-ecb0-49ad-8932-0e881930483a","local_time":"20210728220956","is_ascension_mode":true,"campfire_choices":[{"data":"Genetic Algorithm","floor":7.0,"key":"SMITH"},{"data":"Zap","floor":11.0,"key":"SMITH"},{"data":"Electrodynamics","floor":15.0,"key":"SMITH"},{"data":"Fission","floor":23.0,"key":"SMITH"},{"data":"Capacitor","floor":29.0,"key":"SMITH"},{"floor":32.0,"key":"REST"}],"neow_cost":"NONE","seed_source_timestamp":1128073792438700,"circlet_count":0,"master_deck":["AscendersBane","Strike_B+1","Strike_B+1","Strike_B+1","Defend_B+1","Defend_B+1","Defend_B+1","Defend_B+1","Zap+1","Dualcast","Ball Lightning","Genetic Algorithm+1","Ball Lightning","Sweeping Beam","Cold Snap","Streamline","Electrodynamics+1","Fission+1","Cold Snap+1","Capacitor+1","Chill+1","Ball Lightning","Skim","Compile Driver"],"special_seed":0,"relics":["Cracked Core","NeowsBlessing","Anchor","Bag of Marbles","Vajra","Happy Flower","Inserter","Lee\u0027s Waffle","Kunai","Potion Belt","Prayer Wheel"],"potions_floor_usage":[33],"damage_taken":[{"damage":0.0,"enemies":"Cultist","floor":1.0,"turns":1.0},{"damage":0.0,"enemies":"2 Louse","floor":3.0,"turns":1.0},{"damage":0.0,"enemies":"Small Slimes","floor":4.0,"turns":1.0},{"damage":30.0,"enemies":"Lagavulin","floor":6.0,"turns":5.0},{"damage":0.0,"enemies":"3 Louse","floor":8.0,"turns":2.0},{"damage":16.0,"enemies":"3 Sentries","floor":12.0,"turns":4.0},{"damage":8.0,"enemies":"Gremlin Nob","floor":14.0,"turns":3.0},{"damage":3.0,"enemies":"Slime Boss","floor":16.0,"turns":6.0},{"damage":7.0,"enemies":"Chosen","floor":18.0,"turns":3.0},{"damage":12.0,"enemies":"2 Thieves","floor":19.0,"turns":3.0},{"damage":12.0,"enemies":"Chosen and Byrds","floor":21.0,"turns":5.0},{"damage":20.0,"enemies":"Centurion and Healer","floor":22.0,"turns":5.0},{"damage":35.0,"enemies":"Slavers","floor":24.0,"turns":4.0},{"damage":0.0,"enemies":"Gremlin Leader","floor":27.0,"turns":6.0},{"damage":0.0,"enemies":"Snake Plant","floor":28.0,"turns":3.0},{"damage":2.0,"enemies":"Chosen and Byrds","floor":31.0,"turns":3.0},{"damage":32,"enemies":"Collector","floor":33,"turns":6}],"seed_played":"1136492385420570705","potions_obtained":[{"floor":3.0,"key":"DuplicationPotion"},{"floor":5.0,"key":"Explosive Potion"},{"floor":6.0,"key":"SteroidPotion"},{"floor":12.0,"key":"FocusPotion"},{"floor":18.0,"key":"SkillPotion"},{"floor":19.0,"key":"Ancient Potion"},{"floor":31.0,"key":"FearPotion"}],"is_trial":false,"path_per_floor":["M","?","M","M","?","E","R","M","T","T","R","E","?","E","R","B",null,"M","M","$","M","M","R","E","?","T","E","M","R","?","M","R","B"],"character_chosen":"DEFECT","items_purchased":["Lee\u0027s Waffle"],"campfire_rested":1,"item_purchase_floors":[20],"current_hp_per_floor":[64,64,64,64,64,34,34,34,34,34,34,18,41,33,33,30,61,54,42,78,66,46,46,11,11,11,11,11,11,11,9,32,0],"gold":232,"neow_bonus":"THREE_ENEMY_KILL","is_prod":false,"is_daily":false,"chose_seed":false,"campfire_upgraded":5,"win_rate":0,"timestamp":1627481396,"path_taken":["M","?","M","M","?","E","R","?","T","?","R","E","?","E","R","BOSS","M","M","$","M","M","R","E","?","T","E","M","R","?","M","R","BOSS"],"build_version":"2020-12-22","purchased_purges":1,"victory":false,"max_hp_per_floor":[71,71,71,71,71,71,71,71,71,71,71,71,71,71,71,71,71,71,71,78,78,78,78,78,78,78,78,78,78,78,78,78,78],"card_choices":[{"not_picked":["Redo","Coolheaded"],"picked":"Ball Lightning","floor":1.0},{"not_picked":["Stack","Chill"],"picked":"Genetic Algorithm","floor":3.0},{"not_picked":["Streamline","Compile Driver"],"picked":"Ball Lightning","floor":4.0},{"not_picked":["Coolheaded","Thunder Strike"],"picked":"Sweeping Beam","floor":6.0},{"not_picked":["Steam","Streamline"],"picked":"Cold Snap","floor":8.0},{"not_picked":["Barrage","Fusion"],"picked":"Streamline","floor":12.0},{"not_picked":["Steam Power","Lockon"],"picked":"Electrodynamics","floor":14.0},{"not_picked":["Electrodynamics","Amplify"],"picked":"Fission","floor":16.0},{"not_picked":["Steam Power","Sweeping Beam"],"picked":"Cold Snap+1","floor":18.0},{"not_picked":["Loop","Beam Cell","Hologram"],"picked":"SKIP","floor":19.0},{"not_picked":["Steam","Reprogram+1"],"picked":"Capacitor","floor":21.0},{"not_picked":["Beam Cell","Fusion","Doom and Gloom"],"picked":"SKIP","floor":22.0},{"not_picked":["Stack","Loop","Heatsinks"],"picked":"SKIP","floor":24.0},{"not_picked":["Conserve Battery","Rebound"],"picked":"Chill+1","floor":27.0},{"not_picked":["Beam Cell","Leap"],"picked":"Ball Lightning","floor":28.0},{"not_picked":["All For One","Genetic Algorithm","Go for the Eyes"],"picked":"SKIP","floor":28.0},{"not_picked":["Force Field","Hologram"],"picked":"Skim","floor":31.0},{"not_picked":["Stack","Ball Lightning"],"picked":"Compile Driver","floor":31.0}],"player_experience":1393325,"relics_obtained":[{"floor":6.0,"key":"Anchor"},{"floor":9.0,"key":"Bag of Marbles"},{"floor":12.0,"key":"Vajra"},{"floor":14.0,"key":"Happy Flower"},{"floor":24.0,"key":"Kunai"},{"floor":26.0,"key":"Potion Belt"},{"floor":27.0,"key":"Prayer Wheel"}],"event_choices":[{"damage_healed":0.0,"max_hp_gain":0.0,"max_hp_loss":0.0,"gold_gain":0.0,"event_name":"World of Goop","player_choice":"Left Gold","floor":2.0,"gold_loss":41.0,"damage_taken":0.0},{"damage_healed":0.0,"max_hp_gain":0.0,"max_hp_loss":0.0,"gold_gain":0.0,"event_name":"Lab","player_choice":"Got Potions","floor":5.0,"gold_loss":0.0,"damage_taken":0.0},{"damage_healed":23.0,"max_hp_gain":0.0,"max_hp_loss":0.0,"gold_gain":0.0,"event_name":"Big Fish","player_choice":"Banana","floor":13.0,"gold_loss":0.0,"damage_taken":0.0},{"damage_healed":0.0,"max_hp_gain":0.0,"max_hp_loss":0.0,"gold_gain":0.0,"event_name":"Back to Basics","player_choice":"Simplicity","floor":25.0,"gold_loss":0.0,"damage_taken":0.0,"cards_upgraded":["Strike_B","Strike_B","Strike_B","Defend_B","Defend_B","Defend_B","Defend_B"]},{"damage_healed":0.0,"max_hp_gain":0.0,"max_hp_loss":0.0,"gold_gain":0.0,"event_name":"Ghosts","player_choice":"Ignored","floor":30.0,"gold_loss":0.0,"damage_taken":0.0}],"is_beta":false,"boss_relics":[{"not_picked":["Sozu","Empty Cage"],"picked":"Inserter"}],"items_purged_floors":[20],"is_endless":false,"potions_floor_spawned":[3,6,12,18,19,31],"killed_by":"Collector","ascension_level":20}