{"gold_per_floor":[117,117,117,135,79,111,126,153,153,178,191,135,164,179,179,256,256,267,267,281,41,54,87,87,121,144,160,160,188,188,223,223,297,297,317,317,327,71,82,112,125,153,180,210,190,225,235,254,254,254,254],"floor_reached":51,"playtime":3062,"items_purged":["Strike_B"],"score":1725,"play_id":"93e0bd7d-37d8-4aa8-904a-c029e55a5e22","local_time":"20210727233609","is_ascension_mode":true,"campfire_choices":[{"data":"Beam Cell","floor":15.0,"key":"SMITH"},{"data":"Sweeping Beam","floor":24.0,"key":"SMITH"},{"floor":28.0,"key":"REST"},{"data":"J.A.X.","floor":32.0,"key":"SMITH"},{"floor":49.0,"key":"RECALL"}],"neow_cost":"NONE","seed_source_timestamp":1042525210363400,"circlet_count":0,"master_deck":["AscendersBane","Strike_B+1","Defend_B","Defend_B","Defend_B","Defend_B","Dualcast","Dark Shackles+1","Ball Lightning","Ball Lightning","Sweeping Beam+1","Sweeping Beam","FTL+1","Beam Cell+1","Core Surge","Ball Lightning+1","Steam Power+1","Compile Driver+1","Glacier","Glacier","Undo","Go for the Eyes+1","J.A.X.+1","Core Surge","Steam Power+1","Apotheosis","Glacier","Scrape+1","Fusion+1","Skim+1"],"special_seed":0,"relics":["Cracked Core","Akabeko","Pantograph","Meat on the Bone","Bottled Flame","Anchor","Astrolabe","ClockworkSouvenir","Blue Candle","Blood Vial","Nunchaku","Whetstone","Centennial Puzzle","Fusion Hammer","Vajra","Dream Catcher","Mango","Happy Flower","Juzu Bracelet"],"potions_floor_usage":[],"damage_taken":[{"damage":0.0,"enemies":"2 Louse","floor":1.0,"turns":3.0},{"damage":4.0,"enemies":"Jaw Worm","floor":4.0,"turns":3.0},{"damage":14.0,"enemies":"3 Sentries","floor":6.0,"turns":7.0},{"damage":1.0,"enemies":"Small Slimes","floor":7.0,"turns":3.0},{"damage":8.0,"enemies":"Gremlin Nob","floor":8.0,"turns":3.0},{"damage":15.0,"enemies":"3 Sentries","floor":10.0,"turns":6.0},{"damage":0.0,"enemies":"Blue Slaver","floor":11.0,"turns":2.0},{"damage":30.0,"enemies":"Lagavulin","floor":13.0,"turns":5.0},{"damage":0.0,"enemies":"Looter","floor":14.0,"turns":2.0},{"damage":18.0,"enemies":"Slime Boss","floor":16.0,"turns":6.0},{"damage":8.0,"enemies":"3 Byrds","floor":18.0,"turns":3.0},{"damage":5.0,"enemies":"Shell Parasite","floor":20.0,"turns":3.0},{"damage":7.0,"enemies":"3 Cultists","floor":22.0,"turns":4.0},{"damage":19.0,"enemies":"Slavers","floor":23.0,"turns":4.0},{"damage":25.0,"enemies":"Book of Stabbing","floor":25.0,"turns":4.0},{"damage":0.0,"enemies":"Snake Plant","floor":27.0,"turns":3.0},{"damage":0.0,"enemies":"Gremlin Leader","floor":29.0,"turns":4.0},{"damage":8.0,"enemies":"Slavers","floor":31.0,"turns":3.0},{"damage":43.0,"enemies":"Champ","floor":33.0,"turns":9.0},{"damage":2.0,"enemies":"Orb Walker","floor":35.0,"turns":2.0},{"damage":3.0,"enemies":"3 Shapes","floor":37.0,"turns":9.0},{"damage":3.0,"enemies":"Maw","floor":39.0,"turns":6.0},{"damage":28.0,"enemies":"Giant Head","floor":40.0,"turns":7.0},{"damage":10.0,"enemies":"Writhing Mass","floor":41.0,"turns":5.0},{"damage":16.0,"enemies":"Nemesis","floor":42.0,"turns":5.0},{"damage":22.0,"enemies":"Reptomancer","floor":44.0,"turns":5.0},{"damage":14.0,"enemies":"Nemesis","floor":46.0,"turns":3.0},{"damage":18.0,"enemies":"Jaw Worm Horde","floor":47.0,"turns":3.0},{"damage":3.0,"enemies":"Transient","floor":48.0,"turns":6.0},{"damage":53.0,"enemies":"Awakened One","floor":50.0,"turns":11.0},{"damage":119,"enemies":"Time Eater","floor":51,"turns":11}],"seed_played":"4366515698983142251","potions_obtained":[{"floor":6.0,"key":"ColorlessPotion"},{"floor":7.0,"key":"LiquidBronze"},{"floor":10.0,"key":"DistilledChaos"},{"floor":13.0,"key":"FocusPotion"},{"floor":14.0,"key":"FearPotion"},{"floor":18.0,"key":"EssenceOfSteel"},{"floor":23.0,"key":"FearPotion"},{"floor":25.0,"key":"FocusPotion"},{"floor":29.0,"key":"FearPotion"},{"floor":35.0,"key":"Energy Potion"},{"floor":37.0,"key":"Fire Potion"},{"floor":41.0,"key":"Dexterity Potion"},{"floor":45.0,"key":"FairyPotion"},{"floor":47.0,"key":"Fruit Juice"}],"is_trial":false,"path_per_floor":["M","?","?","M","$","E","M","E","T","E","M","?","E","M","R","B",null,"M","?","M","$","M","E","R","E","T","M","R","E","?","E","R","B",null,"M","?","M","$","M","E","M","E","T","E","?","E","M","M","R","B","B"],"character_chosen":"DEFECT","items_purchased":["ColorlessPotion","ClockworkSouvenir","Vajra","Glacier"],"campfire_rested":1,"item_purchase_floors":[5,21,38,38],"current_hp_per_floor":[64,64,64,60,60,46,45,37,37,34,46,46,28,40,40,47,65,57,57,52,52,45,38,38,25,25,39,60,62,62,56,56,40,63,63,63,62,62,61,47,39,51,51,43,43,43,44,55,55,41,0],"gold":254,"neow_bonus":"RANDOM_COLORLESS","is_prod":false,"is_daily":false,"chose_seed":false,"campfire_upgraded":3,"win_rate":0,"timestamp":1627400169,"path_taken":["M","?","?","M","?","E","M","E","T","E","M","?","E","M","R","BOSS","M","?","M","$","M","E","R","E","T","M","R","E","?","E","R","BOSS","M","?","M","$","M","E","M","E","T","E","?","E","M","M","R","BOSS","BOSS"],"build_version":"2020-12-22","purchased_purges":1,"victory":false,"max_hp_per_floor":[71,71,71,71,71,71,71,71,71,71,71,71,71,71,71,71,71,71,71,71,71,71,71,71,71,71,71,71,71,71,71,71,71,71,71,71,71,71,71,71,71,85,85,85,85,85,90,90,90,90,90],"card_choices":[{"not_picked":["Finesse","Impatience"],"picked":"Dark Shackles","floor":0.0},{"not_picked":["Chill","Redo"],"picked":"Ball Lightning","floor":1.0},{"not_picked":["Double Energy","Tempest"],"picked":"Ball Lightning","floor":4.0},{"not_picked":["Gash","White Noise","Consume"],"picked":"SKIP","floor":6.0},{"not_picked":["Reboot","Leap"],"picked":"Sweeping Beam","floor":7.0},{"not_picked":["Cold Snap","Fusion"],"picked":"Sweeping Beam","floor":8.0},{"not_picked":["Loop","Stack","Redo"],"picked":"SKIP","floor":10.0},{"not_picked":["Cold Snap","Steam Power"],"picked":"FTL","floor":11.0},{"not_picked":["Hologram","Chaos"],"picked":"Beam Cell","floor":13.0},{"not_picked":["Multi-Cast","Streamline","Doom and Gloom"],"picked":"SKIP","floor":14.0},{"not_picked":["Thunder Strike","Amplify"],"picked":"Core Surge","floor":16.0},{"not_picked":["Cold Snap","Go for the Eyes"],"picked":"Glacier","floor":18.0},{"not_picked":["Stack+1","Conserve Battery"],"picked":"Glacier","floor":20.0},{"not_picked":["Redo","Ball Lightning","Streamline"],"picked":"SKIP","floor":22.0},{"not_picked":["Doom and Gloom","Meteor Strike","Redo"],"picked":"SKIP","floor":23.0},{"not_picked":["Fission","Rebound"],"picked":"Undo","floor":25.0},{"not_picked":["Hologram","Reinforced Body","Barrage"],"picked":"SKIP","floor":27.0},{"not_picked":["Hologram","Reinforced Body","Barrage"],"picked":"SKIP","floor":27.0},{"not_picked":["Static Discharge","Turbo"],"picked":"Go for the Eyes+1","floor":29.0},{"not_picked":["White Noise","Reinforced Body","Streamline"],"picked":"SKIP","floor":31.0},{"not_picked":["Meteor Strike","Amplify"],"picked":"Core Surge","floor":33.0},{"not_picked":["Streamline","Aggregate"],"picked":"Steam Power+1","floor":35.0},{"not_picked":["Deep Breath","Purity"],"picked":"Apotheosis","floor":36.0},{"not_picked":["Consume+1","Melter","Steam+1"],"picked":"SKIP","floor":37.0},{"not_picked":["Barrage+1","Double Energy","Darkness"],"picked":"SKIP","floor":39.0},{"not_picked":["Force Field","Hello World"],"picked":"Scrape+1","floor":40.0},{"not_picked":["BootSequence+1","Conserve Battery","Hologram"],"picked":"SKIP","floor":41.0},{"not_picked":["Doom and Gloom","Cold Snap"],"picked":"Fusion+1","floor":42.0},{"not_picked":["Self Repair","Storm"],"picked":"Skim+1","floor":44.0},{"not_picked":["Beam Cell","Gash","Loop+1"],"picked":"SKIP","floor":46.0},{"not_picked":["Streamline+1","Stack","Turbo"],"picked":"SKIP","floor":47.0},{"not_picked":["Ball Lightning","Coolheaded","Barrage"],"picked":"SKIP","floor":48.0}],"player_experience":1389330,"relics_obtained":[{"floor":6.0,"key":"Akabeko"},{"floor":8.0,"key":"Pantograph"},{"floor":9.0,"key":"Meat on the Bone"},{"floor":10.0,"key":"Bottled Flame"},{"floor":13.0,"key":"Anchor"},{"floor":23.0,"key":"Blue Candle"},{"floor":25.0,"key":"Blood Vial"},{"floor":26.0,"key":"Nunchaku"},{"floor":29.0,"key":"Whetstone"},{"floor":31.0,"key":"Centennial Puzzle"},{"floor":40.0,"key":"Dream Catcher"},{"floor":42.0,"key":"Mango"},{"floor":44.0,"key":"Happy Flower"},{"floor":46.0,"key":"Juzu Bracelet"}],"event_choices":[{"damage_healed":0.0,"max_hp_gain":0.0,"max_hp_loss":0.0,"gold_gain":0.0,"event_name":"Living Wall","player_choice":"Grow","floor":2.0,"gold_loss":0.0,"damage_taken":0.0,"cards_upgraded":["Dark Shackles"]},{"damage_healed":0.0,"max_hp_gain":0.0,"max_hp_loss":0.0,"gold_gain":0.0,"event_name":"Liars Game","player_choice":"Ignored","floor":3.0,"gold_loss":0.0,"damage_taken":0.0},{"damage_healed":0.0,"max_hp_gain":0.0,"max_hp_loss":0.0,"gold_gain":0.0,"event_name":"World of Goop","player_choice":"Left Gold","floor":12.0,"gold_loss":56.0,"damage_taken":0.0},{"damage_healed":0.0,"max_hp_gain":0.0,"max_hp_loss":0.0,"gold_gain":0.0,"event_name":"Beggar","player_choice":"Ignored","floor":19.0,"gold_loss":0.0,"damage_taken":0.0},{"damage_healed":0.0,"max_hp_gain":0.0,"max_hp_loss":0.0,"gold_gain":0.0,"event_name":"Drug Dealer","player_choice":"Obtain J.A.X.","floor":30.0,"gold_loss":0.0,"damage_taken":0.0,"cards_obtained":["J.A.X."]},{"damage_healed":0.0,"max_hp_gain":0.0,"max_hp_loss":0.0,"gold_gain":0.0,"event_name":"SensoryStone","player_choice":"Memory 1","floor":36.0,"gold_loss":0.0,"damage_taken":0.0},{"damage_healed":0.0,"max_hp_gain":0.0,"max_hp_loss":0.0,"gold_gain":0.0,"event_name":"The Woman in Blue","player_choice":"Bought 1 Potion","floor":45.0,"gold_loss":0.0,"damage_taken":0.0}],"is_beta":false,"boss_relics":[{"not_picked":["Tiny House","SacredBark"],"picked":"Astrolabe"},{"not_picked":["Inserter","Calling Bell"],"picked":"Fusion Hammer"}],"items_purged_floors":[21],"is_endless":false,"potions_floor_spawned":[6,7,10,11,13,14,18,23,25,29,35,37,39,41,47],"killed_by":"Time Eater","ascension_level":20}