{"gold_per_floor":[210,175,187,187,187,216,228,228,228,263,280,18,18,34,34,112,112,127,127,144,11,24,24,34,34],"floor_reached":25,"playtime":977,"items_purged":["Strike_B","Strike_B"],"score":426,"play_id":"70cb9675-85c2-42ee-9eda-6559af895407","local_time":"20210729004123","is_ascension_mode":true,"campfire_choices":[{"data":"Heatsinks","floor":8.0,"key":"SMITH"},{"data":"Defragment","floor":13.0,"key":"SMITH"},{"data":"Beam Cell","floor":15.0,"key":"SMITH"},{"data":"Creative AI","floor":23.0,"key":"SMITH"}],"neow_cost":"NONE","seed_source_timestamp":1137463095665700,"circlet_count":0,"master_deck":["AscendersBane","Strike_B","Strike_B","Defend_B","Defend_B","Defend_B","Defend_B","Zap+1","Dualcast","Ball Lightning","Chill","Heatsinks+1","Rip and Tear","Streamline","Defragment+1","Beam Cell+1","Creative AI+1","Cold Snap","Undo","FTL","Storm","FTL+1"],"special_seed":0,"relics":["Cracked Core","Bird Faced Urn","Letter Opener","Eternal Feather","Membership Card","Inserter"],"potions_floor_usage":[25],"damage_taken":[{"damage":7.0,"enemies":"Jaw Worm","floor":1.0,"turns":2.0},{"damage":4.0,"enemies":"Small Slimes","floor":3.0,"turns":3.0},{"damage":30.0,"enemies":"Lagavulin","floor":6.0,"turns":7.0},{"damage":7.0,"enemies":"2 Louse","floor":7.0,"turns":3.0},{"damage":11.0,"enemies":"3 Sentries","floor":10.0,"turns":3.0},{"damage":11.0,"enemies":"Exordium Wildlife","floor":11.0,"turns":3.0},{"damage":0.0,"enemies":"Lots of Slimes","floor":14.0,"turns":4.0},{"damage":35.0,"enemies":"Slime Boss","floor":16.0,"turns":6.0},{"damage":16.0,"enemies":"Spheric Guardian","floor":18.0,"turns":4.0},{"damage":26.0,"enemies":"2 Thieves","floor":20.0,"turns":4.0},{"damage":14.0,"enemies":"Snecko","floor":22.0,"turns":4.0},{"damage":27.0,"enemies":"Centurion and Healer","floor":24.0,"turns":7.0},{"damage":29,"enemies":"Gremlin Leader","floor":25,"turns":2}],"seed_played":"2325329466212704782","potions_obtained":[{"floor":1.0,"key":"Dexterity Potion"},{"floor":6.0,"key":"CultistPotion"},{"floor":7.0,"key":"ColorlessPotion"},{"floor":11.0,"key":"Strength Potion"}],"is_trial":false,"path_per_floor":["M","?","M","?","?","E","M","R","T","E","M","$","R","M","R","B",null,"M","?","M","$","M","R","M","E"],"character_chosen":"DEFECT","items_purchased":["Membership Card","Defragment","Beam Cell","FTL","Storm"],"campfire_rested":0,"item_purchase_floors":[12,12,12,21,21],"current_hp_per_floor":[57,71,67,67,67,37,32,32,32,23,12,12,21,25,34,3,54,42,42,20,20,18,30,19,0],"gold":34,"neow_bonus":"HUNDRED_GOLD","is_prod":false,"is_daily":false,"chose_seed":false,"campfire_upgraded":4,"win_rate":0,"timestamp":1627490483,"path_taken":["M","?","M","?","?","E","M","R","T","E","M","$","R","M","R","BOSS","M","?","?","$","M","R","?","E"],"build_version":"2020-12-22","purchased_purges":2,"victory":false,"max_hp_per_floor":[71,71,71,71,71,71,71,71,71,71,71,71,71,71,71,71,71,71,71,71,71,71,71,71,71],"card_choices":[{"not_picked":["Turbo","Steam Power"],"picked":"Ball Lightning","floor":1.0},{"not_picked":["Skim","Chaos"],"picked":"Chill","floor":3.0},{"not_picked":["Tempest","Sweeping Beam"],"picked":"Heatsinks","floor":6.0},{"not_picked":["Fusion","Redo","Compile Driver"],"picked":"SKIP","floor":7.0},{"not_picked":["Fusion","Redo","Compile Driver"],"picked":"SKIP","floor":7.0},{"not_picked":["Blizzard","Conserve Battery"],"picked":"Rip and Tear","floor":10.0},{"not_picked":["Skim","Amplify"],"picked":"Streamline","floor":11.0},{"not_picked":["Conserve Battery","Streamline","Turbo"],"picked":"SKIP","floor":14.0},{"not_picked":["Core Surge","Electrodynamics"],"picked":"Creative AI","floor":16.0},{"not_picked":["Leap","Chill"],"picked":"Cold Snap","floor":18.0},{"not_picked":["Gash","Conserve Battery"],"picked":"Undo","floor":20.0},{"not_picked":["Sweeping Beam","Conserve Battery"],"picked":"FTL+1","floor":22.0},{"not_picked":["Sweeping Beam","Rip and Tear+1","Loop"],"picked":"SKIP","floor":24.0}],"player_experience":1394317,"relics_obtained":[{"floor":6.0,"key":"Bird Faced Urn"},{"floor":9.0,"key":"Letter Opener"},{"floor":10.0,"key":"Eternal Feather"}],"event_choices":[{"damage_healed":17.0,"max_hp_gain":0.0,"max_hp_loss":0.0,"gold_gain":0.0,"event_name":"The Cleric","player_choice":"Healed","floor":2.0,"gold_loss":35.0,"damage_taken":0.0},{"damage_healed":0.0,"max_hp_gain":0.0,"max_hp_loss":0.0,"gold_gain":0.0,"event_name":"Liars Game","player_choice":"Ignored","floor":4.0,"gold_loss":0.0,"damage_taken":0.0},{"damage_healed":0.0,"max_hp_gain":0.0,"max_hp_loss":0.0,"gold_gain":0.0,"event_name":"Living Wall","player_choice":"Grow","floor":5.0,"gold_loss":0.0,"damage_taken":0.0,"cards_upgraded":["Zap"]},{"damage_healed":0.0,"max_hp_gain":0.0,"max_hp_loss":0.0,"gold_gain":0.0,"event_name":"N\u0027loth","player_choice":"Ignored","floor":19.0,"gold_loss":0.0,"damage_taken":0.0}],"is_beta":false,"boss_relics":[{"not_picked":["Fusion Hammer","SlaversCollar"],"picked":"Inserter"}],"items_purged_floors":[12,21],"is_endless":false,"potions_floor_spawned":[1,6,7,11,14,18,20,24],"killed_by":"Gremlin Leader","ascension_level":20}