{"gold_per_floor":[13,28,28,43,54,86,86,113,164,85,27,47,47,73,73,73],"floor_reached":16,"playtime":531,"items_purged":[],"score":240,"play_id":"731c10af-eafd-4302-8db1-c332f29d565f","local_time":"20210724134653","is_ascension_mode":true,"campfire_choices":[{"data":"Zap","floor":7.0,"key":"SMITH"},{"data":"Dualcast","floor":13.0,"key":"SMITH"},{"data":"Gash","floor":15.0,"key":"SMITH"}],"neow_cost":"NO_GOLD","seed_source_timestamp":0,"circlet_count":0,"master_deck":["AscendersBane","Strike_B","Strike_B","Strike_B","Strike_B","Defend_B","Defend_B","Defend_B","Defend_B","Zap+1","Dualcast+1","All For One","Gash+1","Cold Snap","Undo","Cold Snap","Self Repair","Steam Power+1","Chill+1","Stack+1","Seek+1"],"special_seed":0,"relics":["Cracked Core","Gremlin Horn","Toxic Egg 2","Pen Nib"],"potions_floor_usage":[],"damage_taken":[{"damage":0.0,"enemies":"2 Louse","floor":1.0,"turns":1.0},{"damage":0.0,"enemies":"Small Slimes","floor":2.0,"turns":2.0},{"damage":7.0,"enemies":"Jaw Worm","floor":4.0,"turns":3.0},{"damage":13.0,"enemies":"Gremlin Gang","floor":5.0,"turns":3.0},{"damage":5.0,"enemies":"Lagavulin","floor":6.0,"turns":6.0},{"damage":32.0,"enemies":"Gremlin Nob","floor":8.0,"turns":4.0},{"damage":6.0,"enemies":"Blue Slaver","floor":12.0,"turns":3.0},{"damage":10.0,"enemies":"3 Sentries","floor":14.0,"turns":7.0},{"damage":0,"enemies":"The Guardian","floor":16,"turns":2}],"seed_played":"-8488716224327360222","potions_obtained":[{"floor":2.0,"key":"AttackPotion"},{"floor":5.0,"key":"SneckoOil"},{"floor":8.0,"key":"SpeedPotion"},{"floor":12.0,"key":"Fruit Juice"}],"is_trial":false,"path_per_floor":["M","M","$","M","M","E","R","E","T","$","?","M","R","E","R","B"],"character_chosen":"DEFECT","items_purchased":["Chill+1"],"campfire_rested":0,"item_purchase_floors":[10],"current_hp_per_floor":[64,64,64,57,44,39,39,7,7,7,7,13,13,10,10,10],"gold":73,"neow_bonus":"THREE_RARE_CARDS","is_prod":false,"is_daily":false,"chose_seed":true,"campfire_upgraded":3,"win_rate":0,"timestamp":1627105613,"path_taken":["M","M","$","M","M","E","R","E","T","$","?","M","R","E","R","BOSS"],"build_version":"2020-12-22","purchased_purges":0,"victory":false,"max_hp_per_floor":[71,71,71,71,71,71,71,71,71,71,71,76,76,76,76,76],"card_choices":[{"not_picked":["Amplify","Seek"],"picked":"All For One","floor":0.0},{"not_picked":["Leap","Redo"],"picked":"Gash","floor":1.0},{"not_picked":["Sunder","Force Field"],"picked":"Cold Snap","floor":2.0},{"not_picked":["Redo","Blizzard"],"picked":"Undo","floor":4.0},{"not_picked":["Go for the Eyes","Coolheaded"],"picked":"Cold Snap","floor":5.0},{"not_picked":["Lockon","Creative AI"],"picked":"Self Repair","floor":6.0},{"not_picked":["Redo+1","Rebound"],"picked":"Steam Power+1","floor":8.0},{"not_picked":["Reinforced Body+1","Self Repair"],"picked":"Stack+1","floor":12.0},{"not_picked":["Gash","Go for the Eyes"],"picked":"Seek+1","floor":14.0}],"player_experience":1369948,"relics_obtained":[{"floor":6.0,"key":"Gremlin Horn"},{"floor":8.0,"key":"Toxic Egg 2"},{"floor":14.0,"key":"Pen Nib"}],"event_choices":[{"damage_healed":0.0,"max_hp_gain":0.0,"max_hp_loss":0.0,"gold_gain":0.0,"event_name":"World of Goop","player_choice":"Left Gold","floor":11.0,"gold_loss":58.0,"damage_taken":0.0}],"is_beta":false,"boss_relics":[],"items_purged_floors":[],"is_endless":false,"potions_floor_spawned":[2,5,8,12],"killed_by":"The Guardian","ascension_level":20}