{"gold_per_floor":[117,82,93,112,122,150,150,175,175,200,200,235,235,248,248,323,323,337,101,112,37,37,70,70,85,85,117,117,444,444,457,457,535,535,555,555,412,423,440,470,470,470,495,495,495],"floor_reached":45,"playtime":2418,"items_purged":["Reprogram"],"score":1138,"play_id":"e0b91e8e-acbb-4787-9ab2-0caaa8920e83","local_time":"20210724184945","is_ascension_mode":true,"campfire_choices":[{"data":"FTL","floor":7.0,"key":"SMITH"},{"floor":11.0,"key":"REST"},{"data":"Defragment","floor":15.0,"key":"SMITH"},{"floor":24.0,"key":"REST"},{"data":"Double Energy","floor":28.0,"key":"SMITH"},{"data":"Buffer","floor":32.0,"key":"SMITH"},{"floor":42.0,"key":"RECALL"}],"neow_cost":"NONE","seed_source_timestamp":768794119172100,"circlet_count":0,"master_deck":["AscendersBane","Zap","Dualcast","Core Surge","Conserve Battery","FTL+1","Tempest","Cold Snap","Defragment+1","Thunder Strike+1","Capacitor","Electrodynamics","Scrape+1","Buffer+1","Double Energy+1","Sweeping Beam+1","Steam Power","Cold Snap+1","FTL+1","Go for the Eyes+1","Core Surge+1","Cold Snap+1","Cold Snap+1","Capacitor","Coolheaded","Steam Power","Impatience"],"special_seed":0,"relics":["FrozenCore","Dead Branch","Pantograph","Molten Egg 2","Odd Mushroom","White Beast Statue","Incense Burner","Pandora\u0027s Box","Medical Kit","Unceasing Top","Bird Faced Urn","Mango","Old Coin","Bag of Preparation"],"potions_floor_usage":[45],"damage_taken":[{"damage":4.0,"enemies":"2 Louse","floor":1.0,"turns":3.0},{"damage":10.0,"enemies":"Small Slimes","floor":3.0,"turns":3.0},{"damage":1.0,"enemies":"Cultist","floor":4.0,"turns":3.0},{"damage":9.0,"enemies":"3 Louse","floor":5.0,"turns":3.0},{"damage":16.0,"enemies":"Lagavulin","floor":6.0,"turns":7.0},{"damage":12.0,"enemies":"3 Sentries","floor":8.0,"turns":6.0},{"damage":16.0,"enemies":"The Mushroom Lair","floor":10.0,"turns":4.0},{"damage":20.0,"enemies":"Lagavulin","floor":12.0,"turns":6.0},{"damage":4.0,"enemies":"Looter","floor":14.0,"turns":3.0},{"damage":16.0,"enemies":"Hexaghost","floor":16.0,"turns":7.0},{"damage":11.0,"enemies":"2 Thieves","floor":18.0,"turns":4.0},{"damage":15.0,"enemies":"Shell Parasite","floor":20.0,"turns":4.0},{"damage":22.0,"enemies":"Gremlin Leader","floor":23.0,"turns":5.0},{"damage":17.0,"enemies":"Snecko","floor":25.0,"turns":4.0},{"damage":1.0,"enemies":"Book of Stabbing","floor":27.0,"turns":3.0},{"damage":25.0,"enemies":"Gremlin Leader","floor":29.0,"turns":4.0},{"damage":0.0,"enemies":"Snake Plant","floor":31.0,"turns":6.0},{"damage":8.0,"enemies":"Collector","floor":33.0,"turns":7.0},{"damage":0.0,"enemies":"Orb Walker","floor":35.0,"turns":4.0},{"damage":45.0,"enemies":"3 Darklings","floor":38.0,"turns":7.0},{"damage":30.0,"enemies":"4 Shapes","floor":39.0,"turns":6.0},{"damage":0.0,"enemies":"Nemesis","floor":40.0,"turns":15.0},{"damage":65,"enemies":"Giant Head","floor":45,"turns":9}],"seed_played":"-8440517240520392953","potions_obtained":[{"floor":5.0,"key":"LiquidMemories"},{"floor":12.0,"key":"CultistPotion"},{"floor":14.0,"key":"EssenceOfSteel"},{"floor":16.0,"key":"SteroidPotion"},{"floor":18.0,"key":"Explosive Potion"},{"floor":23.0,"key":"Weak Potion"},{"floor":25.0,"key":"ColorlessPotion"},{"floor":27.0,"key":"Fire Potion"},{"floor":29.0,"key":"Swift Potion"},{"floor":31.0,"key":"FearPotion"},{"floor":39.0,"key":"AttackPotion"}],"is_trial":false,"path_per_floor":["M","?","M","M","M","E","R","E","T","?","R","E","?","M","R","B",null,"M","$","M","?","?","E","R","M","T","E","R","E","?","M","R","B",null,"M","?","$","M","M","E","?","R","T","?","E"],"character_chosen":"DEFECT","items_purchased":["Medical Kit","Capacitor","Coolheaded"],"campfire_rested":2,"item_purchase_floors":[19,37,37],"current_hp_per_floor":[60,71,61,60,51,35,35,23,23,7,28,8,8,4,4,13,57,46,46,31,31,31,9,30,13,13,32,32,17,17,23,23,48,76,85,85,85,46,28,52,52,52,52,47,0],"gold":495,"neow_bonus":"ONE_RANDOM_RARE_CARD","is_prod":false,"is_daily":false,"chose_seed":false,"campfire_upgraded":4,"win_rate":0,"timestamp":1627123785,"path_taken":["M","?","M","M","M","E","R","E","T","?","R","E","?","M","R","BOSS","M","$","?","?","?","E","R","M","T","E","R","E","?","M","R","BOSS","M","?","$","M","M","E","?","R","T","?","E"],"build_version":"2020-12-22","purchased_purges":1,"victory":false,"max_hp_per_floor":[71,71,71,71,71,71,71,71,71,71,71,71,71,71,71,71,71,71,71,71,71,71,71,71,71,71,85,85,85,85,85,85,85,85,85,85,85,85,85,85,85,85,85,85,85],"card_choices":[{"not_picked":["Stack","Barrage","Gash"],"picked":"SKIP","floor":1.0},{"not_picked":["BootSequence","Rebound"],"picked":"Conserve Battery","floor":3.0},{"not_picked":["Darkness","Skim"],"picked":"FTL","floor":4.0},{"not_picked":["Leap","Coolheaded"],"picked":"Tempest","floor":5.0},{"not_picked":["Turbo","Reprogram"],"picked":"Cold Snap","floor":6.0},{"not_picked":["Blizzard","Genetic Algorithm"],"picked":"Defragment","floor":8.0},{"not_picked":["Stack","Beam Cell+1"],"picked":"Thunder Strike+1","floor":10.0},{"not_picked":["Double Energy","Reprogram"],"picked":"Capacitor","floor":12.0},{"not_picked":["Streamline+1","Force Field","Static Discharge"],"picked":"SKIP","floor":14.0},{"not_picked":["Fission","Core Surge+1"],"picked":"Electrodynamics","floor":16.0},{"not_picked":["Static Discharge","Redo","Scrape+1"],"picked":"SKIP","floor":18.0},{"not_picked":["Leap","Go for the Eyes+1"],"picked":"Cold Snap+1","floor":20.0},{"not_picked":["Tempest","Force Field"],"picked":"FTL+1","floor":23.0},{"not_picked":["Tempest","Coolheaded"],"picked":"Go for the Eyes+1","floor":25.0},{"not_picked":["Darkness","Rip and Tear+1"],"picked":"Core Surge+1","floor":27.0},{"not_picked":["Reprogram","Leap"],"picked":"Cold Snap+1","floor":29.0},{"not_picked":["Tempest","Steam"],"picked":"Cold Snap+1","floor":31.0},{"not_picked":["Self Repair","Heatsinks","Go for the Eyes+1"],"picked":"SKIP","floor":35.0},{"not_picked":["Steam","Darkness+1","Gash+1"],"picked":"SKIP","floor":38.0},{"not_picked":["Loop","FTL+1"],"picked":"Steam Power","floor":39.0},{"not_picked":["Creative AI","Steam+1","Leap"],"picked":"SKIP","floor":40.0},{"not_picked":["PanicButton","Trip"],"picked":"Impatience","floor":41.0}],"player_experience":1374970,"relics_obtained":[{"floor":6.0,"key":"Dead Branch"},{"floor":8.0,"key":"Pantograph"},{"floor":9.0,"key":"Molten Egg 2"},{"floor":10.0,"key":"Odd Mushroom"},{"floor":12.0,"key":"White Beast Statue"},{"floor":13.0,"key":"Incense Burner"},{"floor":23.0,"key":"Unceasing Top"},{"floor":26.0,"key":"Bird Faced Urn"},{"floor":27.0,"key":"Mango"},{"floor":29.0,"key":"Old Coin"},{"floor":40.0,"key":"Bag of Preparation"}],"event_choices":[{"damage_healed":17.0,"max_hp_gain":0.0,"max_hp_loss":0.0,"gold_gain":0.0,"event_name":"The Cleric","player_choice":"Healed","floor":2.0,"gold_loss":35.0,"damage_taken":0.0},{"damage_healed":0.0,"max_hp_gain":0.0,"max_hp_loss":0.0,"gold_gain":0.0,"event_name":"Mushrooms","player_choice":"Fought Mushrooms","floor":10.0,"gold_loss":0.0,"damage_taken":0.0},{"damage_healed":0.0,"max_hp_gain":0.0,"max_hp_loss":0.0,"gold_gain":0.0,"event_name":"Wheel of Change","player_choice":"Relic","floor":13.0,"gold_loss":0.0,"damage_taken":0.0},{"cards_removed":["Hello World"],"damage_healed":0.0,"max_hp_gain":0.0,"max_hp_loss":0.0,"gold_gain":0.0,"event_name":"Beggar","player_choice":"Gave Gold","floor":21.0,"gold_loss":75.0,"damage_taken":0.0},{"damage_healed":0.0,"max_hp_gain":0.0,"max_hp_loss":0.0,"gold_gain":0.0,"event_name":"Vampires","player_choice":"Ignored","floor":30.0,"gold_loss":0.0,"damage_taken":0.0},{"cards_removed":["Doom and Gloom"],"damage_healed":0.0,"max_hp_gain":0.0,"max_hp_loss":0.0,"gold_gain":0.0,"event_name":"Falling","player_choice":"Removed Attack","floor":36.0,"gold_loss":0.0,"damage_taken":0.0},{"damage_healed":0.0,"max_hp_gain":0.0,"max_hp_loss":0.0,"gold_gain":0.0,"event_name":"SensoryStone","player_choice":"Memory 1","floor":41.0,"gold_loss":0.0,"damage_taken":0.0},{"damage_healed":0.0,"max_hp_gain":0.0,"max_hp_loss":0.0,"gold_gain":0.0,"event_name":"Designer","player_choice":"Punched","floor":44.0,"gold_loss":0.0,"damage_taken":5.0}],"is_beta":false,"boss_relics":[{"not_picked":["Cursed Key","Calling Bell"],"picked":"Pandora\u0027s Box"},{"not_picked":["Busted Crown","Fusion Hammer"],"picked":"FrozenCore"}],"items_purged_floors":[19],"is_endless":false,"potions_floor_spawned":[5,12,14,16,18,20,23,25,27,29,31,33,35,38,39,40],"killed_by":"Giant Head","ascension_level":20}