{"gold_per_floor":[13,32,43,53,53,79,99,134,161,161],"floor_reached":10,"playtime":508,"items_purged":[],"score":160,"play_id":"3734a76a-b169-4736-ac6d-576511292c56","local_time":"20210725110036","is_ascension_mode":true,"campfire_choices":[],"neow_cost":"NO_GOLD","seed_source_timestamp":829596690455700,"circlet_count":0,"master_deck":["AscendersBane","Strike_B","Strike_B","Strike_B","Strike_B","Defend_B","Defend_B","Defend_B","Defend_B","Zap","Dualcast","Echo Form","Streamline","Undo","Rebound","Cold Snap"],"relics":["Cracked Core","Cables","Anchor","Smiling Mask"],"potions_floor_usage":[5,7],"damage_taken":[{"damage":6,"enemies":"Cultist","floor":1,"turns":3},{"damage":2,"enemies":"2 Louse","floor":2,"turns":2},{"damage":7,"enemies":"Jaw Worm","floor":3,"turns":4},{"damage":14,"enemies":"3 Louse","floor":4,"turns":3},{"damage":5,"enemies":"Lagavulin","floor":6,"turns":6},{"damage":1,"enemies":"Exordium Wildlife","floor":7,"turns":3},{"damage":20,"enemies":"3 Sentries","floor":8,"turns":8},{"damage":15,"enemies":"Gremlin Gang","floor":10,"turns":2}],"seed_played":"382106505310671142","potions_obtained":[{"floor":1,"key":"FocusPotion"},{"floor":4,"key":"Energy Potion"},{"floor":5,"key":"Fruit Juice"},{"floor":5,"key":"LiquidMemories"}],"is_trial":false,"path_per_floor":["M","M","M","M","?","E","M","E","T","M"],"character_chosen":"DEFECT","items_purchased":[],"campfire_rested":0,"item_purchase_floors":[],"current_hp_per_floor":[58,56,49,35,40,35,34,14,14,0],"gold":161,"neow_bonus":"THREE_RARE_CARDS","is_prod":false,"is_daily":false,"chose_seed":false,"campfire_upgraded":0,"win_rate":0,"timestamp":1627182036,"path_taken":["M","?","M","M","?","E","?","E","T","M"],"build_version":"2020-12-22","purchased_purges":0,"victory":false,"max_hp_per_floor":[71,71,71,71,76,76,76,76,76,76],"card_choices":[{"not_picked":["Multi-Cast","Rainbow"],"picked":"Echo Form","floor":0},{"not_picked":["Heatsinks","Capacitor"],"picked":"Streamline","floor":1},{"not_picked":["Rebound","Sweeping Beam"],"picked":"Undo","floor":2},{"not_picked":["Coolheaded","Conserve Battery","Gash"],"picked":"SKIP","floor":3},{"not_picked":["Loop","Barrage","Consume"],"picked":"SKIP","floor":4},{"not_picked":["Thunder Strike","Lockon","Beam Cell"],"picked":"SKIP","floor":6},{"not_picked":["Darkness","Genetic Algorithm"],"picked":"Rebound","floor":7},{"not_picked":["Compile Driver","Hologram"],"picked":"Cold Snap","floor":8}],"player_experience":1378822,"relics_obtained":[{"floor":6,"key":"Cables"},{"floor":8,"key":"Anchor"},{"floor":9,"key":"Smiling Mask"}],"event_choices":[{"damage_healed":0,"gold_gain":0,"player_choice":"Got Potions","damage_taken":0,"max_hp_gain":0,"max_hp_loss":0,"event_name":"Lab","floor":5,"gold_loss":0}],"is_beta":false,"boss_relics":[],"items_purged_floors":[],"is_endless":false,"potions_floor_spawned":[1,4],"killed_by":"Gremlin Gang","ascension_level":20}